2867 5017
582 360 625 423 stt

121 556 162 617 ita
189 551 272 613 lecit
287 549 509 633 Thucydides,
547 560 582 611 nt
603 552 749 615 oronim
772 569 929 615 consemu
954 546 1090 613 maxima

121 655 217 721 laude
238 655 356 741 dignus
375 651 546 721 habeatur.

159 763 262 825 liuius
286 761 476 847 primarium
496 765 531 827 iu
554 762 703 827 historiae
724 765 898 850 scriptione
924 764 1093 828 consilium

120 868 292 941 hocerat,
318 875 372 941 ut,
402 865 500 929 rebus
524 868 621 953 gestis
641 878 808 954 tamquam
828 871 863 933 iu
883 889 979 935 scena
1001 870 1091 935 exhi·

123 974 207 1050 bitis,
233 982 402 1037 aeternum
422 973 577 1037 conderet
598 976 775 1061 sapientiae
797 976 982 1041 thesaurum
1003 978 1092 1062 (κτῆ-

124 1104 167 1159 μα
188 1081 218 1153 ἐς
237 1078 319 1165 dai),
344 1079 539 1165 prudentiae
555 1084 714 1169 imprimis
728 1084 881 1169 politicae
898 1095 1094 1171 perpetuum

122 1188 255 1251 iontem.
299 1185 398 1264 Quod
423 1195 460 1249 ut
481 1186 581 1274 digno
601 1189 700 1252 modo
722 1188 831 1265 fieret,
864 1189 1094 1276 philosopham

121 1294 300 1381 praecipue
325 1294 515 1379 gravitatem
539 1306 570 1359 et
599 1295 700 1359 iidem
729 1297 914 1361 historicam
939 1299 1094 1384 postulari

117 1398 336 1475 existimabat.
372 1399 493 1464 Critiea
521 1402 621 1487 igitur
645 1403 812 1467 severitate
832 1402 993 1481 munitus,
1025 1412 1093 1465 tota

122 1518 231 1591 moute
257 1509 293 1571 in
312 1506 348 1569 id
368 1507 535 1585 increbuit,
567 1518 604 1572 ut
624 1509 790 1571 veritatem
810 1510 971 1596 integram
992 1518 1091 1593 atque

117 1618 345 1701 incorruptam
373 1625 559 1702 exponeret.
601 1615 812 1701 Quapropter
842 1618 877 1681 in
906 1616 1090 1680 celebratis·

118 1725 199 1788 simo
219 1724 277 1815 illo
297 1724 464 1809 prooemio
486 1734 609 1788 veteres
627 1722 798 1789 historicos
818 1744 885 1787 non
906 1724 1018 1797 leviter
1039 1744 1091 1789 re-

115 1831 311 1917 prehendit,
344 1831 437 1916 quod
465 1842 522 1895 aut
550 1832 637 1895 falsis
666 1841 724 1894 aut
750 1832 856 1895 miuus
877 1831 971 1895 certis
991 1831 1091 1895 fidem

115 1937 319 2001 habuissent.
359 1936 408 1997 De
429 1936 676 2019 antiquuseuim
698 1936 897 2018 temporibus
917 1948 1004 2001 recte
1025 1951 1091 2003 sta-

116 2056 217 2109 tuere
241 2040 469 2105 difficillimum
499 2062 564 2105 esse
600 2051 632 2103 et
660 2041 848 2127 diligentem
877 2043 1091 2130 investigandi

113 2169 238 2215 curam
258 2150 422 2233 postulare
442 2148 605 2213 censebat.
635 2146 728 2213 Unde
749 2149 959 2227 factumest,
992 2160 1028 2213 ut
1049 2152 1091 2215 de

115 2257 234 2346 priscis
254 2255 316 2317 illis
333 2265 524 2331 astantum,
551 2276 661 2340 »quae
678 2254 851 2341 exploretis
868 2256 1001 2321 testihus
1013 2256 1093 2321 suh-

119 2393 134 2422 »
145 2363 322 2447 ductisque
350 2360 528 2426 rationibus
547 2382 622 2427 vera
639 2362 799 2428 iudicaret
815 2362 872 2448 (l)
885 2366 924 2439 '’,
954 2364 1093 2429 breviter

115 2468 404 2537 commemoranda
425 2477 578 2543 sumeret,
604 2488 644 2529 ac
660 2469 770 2551 potius
787 2488 826 2531 ex
841 2469 893 2544 iis,
918 2490 1005 2554 quae
1024 2470 1094 2556 ipse

116 2580 170 2643 rel
200 2576 346 2652 vidisset,
376 2577 429 2640 rel
454 2585 546 2639 certa
571 2574 638 2640 lide
660 2574 847 2651 audivisset,
871 2576 991 2639 iustum
1011 2578 1091 2641 scri-

117 2685 220 2751 bendi
248 2690 475 2769 argumentum
502 2682 644 2765 eligeret.
694 2679 805 2765 Atque
837 2681 903 2747 hoc
930 2684 997 2748 veri
1024 2694 1091 2752 stu-

115 2793 214 2859 dium
236 2794 276 2857 iu*
298 2790 399 2855 totius
426 2789 535 2873 operis
560 2788 673 2849 indole
699 2789 866 2853 manifeste
900 2791 1024 2866 elucet,
1059 2792 1093 2853 iu

20 2921 21 2926 ¹
119 2921 189 2986 quo
209 2918 333 2963 summa
356 2896 469 2960 iudicii
491 2895 630 2981 gravitas
648 2915 687 2957 ae
709 2896 857 2960 severitas
878 2896 1001 2983 ubique
1018 2918 1091 2985 spc-

20 3027 21 3092 }
118 3017 245 3082 ctatur,
270 3007 372 3092 idque
394 3005 540 3069 universe
567 3015 721 3091 apparet,
749 3013 928 3073 auctorem,
942 3024 1009 3068 non
1032 3005 1093 3069 nisi

20 3095 21 3116 i
119 3126 263 3179 maturos
277 3115 451 3179 diuturnae
469 3114 734 3201 perscrutationis
747 3113 873 3203 fruetus
898 3135 974 3179 cum
989 3114 1091 3179 lecto-

118 3221 209 3287 ribus
227 3225 492 3303 communicasse.
523 3222 616 3303 Quae
637 3241 688 3285 res
707 3242 810 3306 quam
830 3222 927 3288 luerit
944 3222 1004 3287 sihi
1026 3224 1089 3287 dis-

116 3327 233 3402 fictu,
258 3336 390 3391 astatur
409 3331 496 3413 ipse,
520 3328 577 3391 uhi
594 3328 676 3391 haec
694 3328 789 3391 dicit:
812 3331 853 3392 τὰ
874 3328 903 3389 d’
926 3328 1004 3409 ἔργα
1024 3330 1090 3393 τῶν

20 3423 21 3426 ¹
117 3431 334 3518 πραχθέντων
353 3434 389 3497 ἔτ
406 3438 452 3517 τῷ
471 3432 613 3516 πολέμῳ,
636 3432 693 3497 odit
717 3434 752 3495 ἐκ
773 3436 828 3495 τοῦ
850 3436 1088 3517 παρατυχόντος

20 3601 21 3614 ³
118 3544 364 3622 πυνθανόμενος
391 3542 508 3621 ἠξίωσα
539 3547 691 3626 radent,
723 3537 790 3602 οὐδ’
816 3541 857 3614 ὥς
878 3542 944 3622 ἐμοὶ
969 3538 1088 3620 ἐδόκει,

119 3644 189 3709 ἀλλ’
216 3642 262 3721 οἷς
290 3672 323 3712 τε
346 3647 439 3723 αὐτὸς
461 3652 583 3732 παρῆν,
616 3650 670 3709 καὶ
692 3650 779 3729 παρὰ
801 3648 865 3711 τῶν
887 3645 994 3713 ἄλλων
1015 3648 1089 3713 ὅσον

20 3753 21 3774 ¹
121 3751 258 3819 δυνατὸν
279 3755 425 3841 ἀκριβείᾳ
444 3760 514 3840 περὶ
537 3759 668 3820 ἑκάστου
690 3754 881 3829 ἐπεξελθών.
906 3756 1088 3831 ’Euandros‘

114 3910 323 3930 *n

147 3980 189 4047 (1)
216 3979 301 4033 Verba
311 3980 498 4048 Wytlenhachii
509 3982 534 4033 in
544 3982 621 4033 Praei.
637 3980 669 4035 ad
684 3981 740 4035 Sel.
752 3982 846 4037 Prisc.
860 3984 931 4034 utu.
948 3982 994 4033 Gr.
1002 3999 1027 4051 p.
1039 3982 1082 4033 xl.
