2867 5017
683 1144 844 1223 caron
867 1161 928 1232 ιι.

366 1369 398 1410 nt
410 1347 529 1410 'ontulit
550 1367 600 1419 ool
620 1367 759 1410 somatum
779 1369 914 1410 raorostro
933 1365 1083 1409 satisfacta
1103 1369 1232 1412 rotatum.

309 1697 312 1704 i
362 1622 415 1710 Ῑιι
431 1641 627 1727 explicanda
637 1643 762 1705 ratione
778 1643 998 1728 pragmatica,
1024 1663 1093 1727 qua
1110 1665 1186 1707 suae
1207 1647 1289 1708 scri·

319 1753 418 1819 bendi
446 1771 563 1816 causae
584 1761 616 1814 et
637 1751 773 1816 consilio
789 1751 1053 1814 satisfaciendum
1079 1753 1206 1837 putavit
1224 1752 1290 1815 Po·

322 1859 443 1944 lybiae,
476 1859 537 1923 tria
557 1868 631 1924 eunt
649 1858 857 1923 attendenda.
894 1845 1038 1921 Primum
1058 1859 1144 1923 enim
1166 1858 1291 1948 ubique

321 1985 429 2034 rerum
448 1968 685 2033 narrandarum
703 1988 818 2033 causas
831 1966 997 2054 exposuit,
1022 1965 1290 2032 ellecturetco'n·

322 2079 490 2164 sequentia
511 2077 658 2154 addidit3
690 2087 760 2140 tum
776 2095 940 2161 nusquam
957 2075 1024 2138 fere
1043 2095 1112 2139 non
1130 2076 1290 2142 iudicium

322 2203 416 2248 suum
438 2182 642 2267 interposuit,
666 2181 843 2245 lectoribus
858 2181 958 2245 veluti
974 2181 1077 2269 digito
1099 2184 1287 2262 ostendens,

324 2289 407 2375 quid
429 2287 512 2352 male
533 2298 644 2352 actum
663 2297 762 2364 esset,
798 2285 881 2372 quid
911 2285 1011 2363 bene,
1047 2286 1130 2373 quid
1149 2298 1289 2366 temere,

323 2398 414 2483 quid¹
436 2397 633 2483 prudentem
665 2395 825 2481 denique,
861 2395 944 2478 quid
957 2397 1099 2480 ,posteris
1126 2397 1295 2462 vitandum

324 2507 383 2580 eit,
408 2504 491 2589 quid
507 2501 718 2577 imitandum,
744 2501 962 2577 indicaturus,
987 2501 1155 2567 historiam
1175 2506 1291 2594 imple·

325 2615 372 2678 vit
389 2613 573 2700 praeceptis
590 2621 621 2674 et
645 2608 940 2686 adhortationibus,
966 2617 1053 2696 quae
1074 2611 1126 2676 rel
1143 2615 1192 2677 'ad
1211 2637 1293 2700 pru-

324 2720 468 2784 dentiam
485 2719 612 2784 civilcm
629 2730 660 2785 et
680 2719 850 2806 politicam
870 2729 1033 2805 spectant,
1058 2721 1109 2785 vel
1130 2722 1183 2784 ad·
1195 2722 1293 2786 disci-

325 2828 448 2915 plinam
483 2828 673 2905 militarem,
707 2828 760 2892 rel
793 2828 836 2891 ad
854 2831 1077 2892 'communem
1106 2827 1293 2905 hominum,

327 2959 429 3022 quam
453 2947 566 3013 vocat,
591 2935 772 3019 διόρθωσιν.
818 2938 1073 2999 Rursus'autem
1091 2936 1154 2996 alia
1175 2938 1297 2999 monita

329 3045 372 3106 ad
403 3045 601 3126 singularum
632 3043 810 3106 civitatium
839 3042 976 3102 salutem
999 3041 1193 3103 referuntur.
1248 3043 1296 3104 lte

330 3150 460 3234 singulis
479 3149 653 3234 separatim
673 3148 828 3212 dicemus.

750 3363 850 3450 tr.

385 3579 519 3644 Causas
542 3601 657 3644 rerum
679 3587 712 3641 et
734 3575 872 3661 efferim
895 3577 1047 3663 explicat
1068 3576 1244 3662 Polybius.

371 3790 424 3853 Ad
444 3811 509 3866 reS,
539 3791 602 3853 sive
624 3789 774 3875 publice,
800 3792 866 3854 sive
886 3791 1055 3875 privatim,
1080 3790 1164 3855 hene
1184 3813 1296 3878 geren·

329 3899 386 3961 das
406 3896 486 3960 nihil
504 3899 605 3984 magis
622 3899 815 3983 requiritur,
848 3919 949 3985 quam
976 3910 1012 3962 ut
1041 3899 1211 3986 diligenter
1241 3920 1296 3962 ex-

332 4005 516 4089 pendatur,
552 4003 634 4087 quid
664 4024 831 4088 quamque
863 4026 931 4066 rem
960 4016 1144 4069 secuturum
1165 4009 1224 4083 sit,
1260 4027 1298 4068 ex
