2867 5017
773 405 819 469 20

314 601 423 664 distat.
469 601 518 662 llti
552 619 659 664 rerum
684 617 798 663 causas
826 608 899 662 ante
920 597 1126 660 scribendum
1147 613 1287 684 quaere·

316 710 416 784 hant,
445 716 587 794 repertas
611 705 701 769 nuda
722 705 907 768 narratione
928 703 1141 780 exhibebant,
1167 717 1201 769 at
1222 709 1287 771 1³0·-

316 815 422 899 lybins
442 816 526 877 intra
548 812 607 876 hos
627 812 742 875 limites
759 813 889 875 minime
909 832 942 873 se
961 811 1131 876 continuit.
1158 812 1287 877 Docea-

315 920 353 982 di
379 921 465 982 enim
485 942 617 984 munere
637 922 731 985 simul
755 943 830 985 cum
848 920 991 984 historici
1011 938 1150 1004 persona
1179 939 1289 986 susce-

320 1036 396 1112 pto,
420 1028 546 1114 singula
566 1029 612 1091 ita
634 1030 826 1114 exponenda
847 1027 1002 1116 putabat,
1027 1037 1079 1103 nt,
1104 1027 1288 1112 qttibusar-

319 1135 478 1218 gumentis
496 1136 539 1198 ad
559 1156 597 1198 ea
619 1138 828 1221 pervenisset,
854 1157 873 1198 a
894 1133 1074 1220 legentibus
1094 1135 1287 1223 intelligere·

228 1279 232 1286 -
319 1249 382 1302 tur.
418 1241 471 1304 sic
497 1245 581 1305 enim
606 1262 660 1305 eos
689 1244 731 1305 ad
761 1243 874 1306 indicii
894 1242 1154 1306 exercitationem
1183 1253 1216 1305 et
1244 1244 1290 1308 ad

314 1366 368 1409 res
393 1347 550 1411 humanas
567 1350 811 1435 cognoscendas
831 1340 957 1434 ¹optime
976 1350 1097 1412 institui
1118 1369 1213 1436 posse
1231 1369 1287 1414 ex-

320 1453 491 1518 istimabat.
527 1455 738 1543 Quapropter
762 1459 806 1521 ita
825 1458 859 1519 in
877 1457 942 1521 hoc
963 1458 1093 1543 negotio
1119 1477 1152 1518 se
1173 1457 1285 1543 gessit,

319 1573 354 1626 ut
373 1563 415 1624 de
434 1583 542 1626 rerum
558 1565 667 1628 causis
681 1565 792 1628 dedita
813 1585 913 1650 opera
932 1565 1125 1651 disputaret,
1150 1563 1288 1626 aliorum

320 1669 489 1730 sententias
515 1673 729 1746 examinaret,
763 1693 870 1747 suam,
905 1671 1099 1758 argumentis
1125 1680 1156 1733 et
1177 1689 1287 1732 exem·

319 1775 381 1859 plis
409 1776 528 1850 allatis,
563 1776 761 1840 defenderet.
805 1778 903 1856 Quod
931 1799 1032 1863 quam
1064 1779 1129 1842 late
1155 1787 1285 1865 pateat,

321 1901 396 1966 age,
423 1903 489 1945 uno
511 1884 585 1947 loco
608 1885 770 1968 inspecto,
796 1884 970 1948 rideamus.

358 1988 531 2077 Aggressus
547 1989 623 2055 belli
645 1993 760 2056 Punici
779 1993 812 2055 ΙΙ
833 1995 990 2080 originem
1011 2011 1179 2066 enarrare,
1203 2013 1285 2056 non·

321 2091 427 2160 nullos
449 2102 608 2186 scripsisse
632 2099 675 2163 ait
705 2102 791 2164 hanc
815 2102 883 2163 eins
905 2122 1036 2164 eausam
1053 2101 1166 2176 inisse,
1195 2099 1288 2186 qnod

317 2204 499 2290 Saguntum
517 2207 793 2295 Carthaginienses
807 2208 1017 2285 obsedissent,
1042 2219 1073 2272 et
1089 2217 1202 2273 contra
1216 2203 1287 2270 fo'e·

319 2313 538 2377 deralberum
558 2314 694 2378 fluvium
716 2323 817 2378 essent
837 2316 1019 2401 transgressi
1032 2315 1094 2401 (l).
1125 2314 1167 2377 At
1186 2312 1285 2388 illud,

315 2422 439 2508 inquit,
463 2443 530 2488 non
550 2424 610 2487 fuit
626 2423 701 2486 belli
722 2444 833 2498 causa,
858 2423 915 2485 sed
932 2423 1067 2486 initium.
1099 2423 1185 2485 Bene
1200 2422 1286 2484 enim

318 2530 579 2618 distinguendum
617 2543 663 2596 est
704 2534 788 2595 inter
817 2552 976 2606 causam,
1006 2538 1227 2615 praetextum
1253 2537 1286 2590 et

312 2641 543 2724 pn‘ncz'piurm
569 2650 600 2703 et
618 2640 753 2704 levitatis
772 2636 929 2724 arguendi
946 2645 1019 2699 srmt
1036 2637 1099 2714 illi,
1124 2640 1183 2723 qui
1202 2635 1284 2699 haec

317 2744 441 2808 diversa
474 2755 591 2810 temere
618 2734 833 2810 confundant.
872 2742 959 2821 Ἐγὼ
982 2741 1016 2805 δὲ
1043 2747 1163 2818 παντὸς
1187 2742 1285 2826 ἀρχὰς

312 2855 374 2933 μὲν
406 2846 487 2916 εἶναι
518 2860 619 2936 φημὶ,
651 2856 706 2927 τὰς
733 2856 860 2937 πρώτας
888 2848 1038 2936 ἐπιβολὰς
1071 2854 1124 2913 καὶ
1158 2847 1285 2933 πράξεις

319 2964 383 3025 τῶν
405 2961 465 3042 ἤδη
495 2963 702 3045 κεκριμένων·
735 2962 840 3032 αἰτίας
863 2958 914 3036 δὲ,
943 2962 999 3029 τὰς
1020 2956 1285 3039 προκαθηγουμέ-

312 3089 376 3141 'vac
405 3073 470 3131 τῶν
501 3071 628 3148 κρίσεων
657 3072 710 3128 καὶ
734 3063 927 3144 διαλήψεων.
963 3062 1060 3139 Quod
1082 3081 1150 3143 quo
1171 3061 1285 3126 melius

212 3160 217 3168 ¹
316 3175 531 3258 intelligatur,
561 3171 744 3254 exemplum
776 3187 941 3252 apponere
970 3165 1048 3227 libet
1068 3164 1160 3239 hetti,
1190 3169 1283 3250 quod

317 3281 418 3343 Persis
438 3279 546 3342 intulit
564 3276 757 3340 Alexander.
782 3273 880 3338 Cuius
896 3291 1027 3336 causam
1045 3273 1070 3336 si
1091 3270 1164 3357 quis
1186 3271 1282 3334 irrisae

297 3375 527 3450 'contenderet
544 3375 733 3450 'Macedonis
753 3382 787 3445 in
809 3381 916 3443 Asiam
938 3381 1121 3455 transitum,
1147 3378 1284 3442 ridicule

318 3496 536 3560 contenderet.
561 3495 646 3562 Vera
667 3493 753 3554 enirn
774 3489 870 3553 huius
882 3483 960 3550 belli
982 3506 1080 3552 causa
1097 3486 1180 3550 haee
1200 3484 1278 3560 fuit,

318 3603 411 3689 quod
441 3611 472 3665 et
494 3601 609 3664 Graeci
637 3599 702 3674 illi,
729 3595 787 3680 qui
809 3615 885 3657 cum
906 3595 1122 3680 Xenophonte
1150 3614 1189 3656 ex
1206 3591 1283 3653 Asia

315 3709 494 3781 redierant,
527 3707 688 3792 ingentem
719 3703 815 3765 huius
829 3722 831 3725 ·
844 3701 984 3786 regionis
1012 3712 1137 3786 partem
1162 3698 1281 3762 infestis

316 3813 411 3876 armis
432 3821 645 3885 transeuntes,
669 3810 830 3873 neminem
850 3817 1036 3891 repererant
1056 3828 1074 3869 e
1094 3815 1185 3870 tanto
1205 3804 1281 3867 bar-

346 4017 388 4086 (l)
416 4018 540 4085 Leguutur
560 4013 622 4064 haec
642 4014 656 4066 Ι.
669 4009 732 4076 ¹lli,
750 4029 772 4063 e.
791 4010 878 4079 Grqq.
900 4089 904 4096 Ι
