2867 5017
576 354 729 445 er¹

115 549 241 617 dicendi
262 546 452 609 facultatem
472 545 526 608 his·
541 564 674 631 poeseos
695 548 832 613 vinculis
852 550 1004 627 lilnrare,
1027 558 1076 617 ‘ao

112 655 248 748 pedestri
264 672 410 716 sermone
427 652 558 738 plaeere
575 665 608 717 et
623 654 744 719 lumem
760 656 820 721 sibi
836 676 993 744 quaerere
1007 661 1074 725 vel-

112 770 168 841 let,
191 766 228 827 in
245 782 370 825 summo
388 771 496 825 temen
515 782 554 823 re
570 772 602 825 et
621 763 691 847 ipse
708 766 838 849 poetice
859 766 1074 850 quodammo.

109 876 152 937 do
177 870 299 936 versari
320 868 460 931 deberet.
497 870 607 960 'Quod
627 892 732 955 quum
753 873 876 958 priores
895 875 962 953 illi,
993 897 1076 961 quos

23 980 27 987 ’
107 980 202 1047 modo
224 975 436 1052 dicebamus,
457 977 686 1063 neglexissent,
711 980 746 1042 in
767 990 876 1044 tantae
896 982 1001 1045 laudis
1021 1004 1073 1047 so-

109 1093 256 1155 cietatem
275 1087 443 1173 pervenire
464 1107 531 1149 non
552 1097 748 1173 potuerrmt,
773 1098 930 1175 quantem
951 1109 1009 1153 suo
1030 1091 1072 1155 si-

109 1200 140 1263 bi
159 1195 323 1261 scribendi
344 1214 461 1281 genere
477 1204 593 1259 unctus
614 1205 661 1258 est
682 1196 875 1260 Herodotus.
906 1198 969 1261 llic
990 1200 1075 1263 enim

107 1310 148 1371 ito
167 1304 361 1370 innisnrn
386 1303 614 1391 componenda
634 1314 778 1368 versatus
798 1314 860 1380 cst,
894 1316 931 1369 ut
951 1306 985 1369 in
1007 1315 1075 1369 toto

108 1415 174 1477 eius
201 1428 303 1498 opere
332 1408 513 1493 aequabitis
539 1408 703 1494 quaedam
724 1410 831 1473 unitas
857 1419 1021 1496 spectetur
1041 1420 1073 1473 et

106 1520 235 1606 elegans
256 1516 401 1603 purtitnn
421 1516 671 1601 conglutinatio,
702 1524 771 1578 tum
792 1525 828 1579 ut
848 1534 956 1579 rerum
971 1518 1074 1582 verie-

19 1677 20 1686 ,
106 1636 182 1703 toto,
207 1626 288 1693 rivis
298 1625 558 1710 descriptionum
575 1623 755 1699 coloribus,
775 1644 958 1689 sermonum
976 1634 1075 1709 etque

105 1735 287 1798 orationum
309 1733 547 1819 pulcritudine,
580 1731 800 1819 episodiorum
823 1750 962 1817 quoque
982 1750 1073 1795 com-

105 1842 203 1905 modo
228 1862 307 1916 usu,
346 1843 445 1928 plane
475 1842 591 1927 spicue
620 1860 754 1923 poeseos
781 1840 925 1906 indolem
954 1839 1073 1903 reterre

102 1966 176 2012 vere
202 1949 342 2011 dicotur.
385 1948 485 2025 Quod
513 1966 590 2008 eum
619 1967 639 2009 e
669 1947 837 2029 permultis
866 1947 941 2010 viris
971 1945 1075 2009 doctis

100 2056 231 2141 egregie
263 2053 459 2137 explicatum
490 2053 550 2127 sit,
589 2052 687 2116 nobis
710 2052 849 2119 breviter
879 2052 1073 2138 significasse

98 2162 241 2225 sufficiet
265 2158 327 2244 (1).

141 2268 190 2331 Ex
217 2266 282 2329 hoe
309 2276 418 2329 autem
442 2269 549 2353 operis
570 2267 744 2331 llerodotei
769 2269 873 2333 sonna
894 2271 1072 2361 necessario

101 2377 177 2439 oriri
209 2373 350 2437 debebat
381 2375 542 2440 scribendi
572 2378 672 2452 ratio,
705 2397 724 2439 a
752 2378 876 2441 ratione
895 2375 1073 2460 Polybiane

19 2481 20 2526 3
103 2492 168 2545 tem
188 2482 286 2567 longe
306 2482 446 2559 divnsa,
471 2506 572 2569 quam
590 2494 638 2548 est
656 2486 792 2571 simplex
812 2495 845 2549 et
862 2493 994 2549 venusto
1013 2503 1070 2545 an·

103 2589 267 2674 tiquorum
301 2600 473 2676 poetarum
503 2592 627 2655 indoles
659 2612 680 2655 a
711 2592 825 2655 critica
856 2590 1072 2653 recentiorum

102 2695 369 2783 pbilosophorum
390 2699 557 2783 gravitate.
592 2697 775 2761 Herodotus
795 2699 893 2783 igitur
912 2697 958 2757 ita
979 2698 1069 2781 inge·

102 2822 165 2865 nue
194 2801 359 2865 derebus
389 2804 486 2889 gestis
514 2804 664 2889 exponit,
696 2824 801 2889 eaque
826 2804 952 2877 omnio,
984 2823 1070 2887 quoe

104 2928 160 2992 per
178 2909 301 2972 itinera
323 2928 381 2972 sue
408 2919 621 2995 cognoverat,
653 2908 699 2971 ito
723 2906 863 2973 candide
883 2907 997 2982 refert,
1034 2918 1070 2969 ut

128 3220 174 3286 (1)
199 3218 544 3279 Pecsdiarieommentatione
562 3216 612 3269 boe
630 3218 739 3271 ostendit
757 3220 783 3273 C.
803 3222 833 3271 A.
853 3220 996 3288 Boettigcr,
1028 3220 1061 3271 de

103 3307 236 3363 Herodoti
254 3307 320 3359 hist.
344 3308 383 3359 od
398 3294 490 3360 com
516 3309 592 3378 epici
618 3309 738 3363 indolem
762 3312 880 3380 propios
899 3314 1066 3379 accedente,

104 3418 170 3472 quae
188 3400 279 3468 legitur
293 3400 319 3451 in
334 3400 445 3469 Rupertii
465 3407 491 3449 et
509 3399 707 3452 Sclrliehtltorstii
729 3400 870 3452 comment.
882 3403 982 3457 Plsilol.
993 3406 1004 3464 l
1013 3441 1021 3467 ,
1040 3422 1063 3473 p.

105 3498 136 3549 li
158 3512 214 3565 sqq.
230 3502 256 3545 et
274 3494 316 3561 ll,
334 3512 358 3564 p.
380 3496 416 3546 54
436 3511 490 3564 sqq.
527 3491 573 3546 ctl.
594 3493 669 3543 ctiam
689 3495 811 3558 Crouzer,
831 3492 1067 3548 dictinctione

105 3586 153 3641 der
180 3586 336 3652 Grt'ecltem
354 3605 379 3657 p.
403 3586 458 3638 154
474 3602 528 3654 sqq.
548 3593 574 3635 et
589 3584 699 3653 passim,
725 3593 751 3635 et
770 3587 909 3654 Borgerus,
937 3586 971 3639 de
984 3586 1066 3659 fietis

19 3707 20 3746 ,
106 3686 136 3734 ιἰι
153 3683 219 3735 laist.
239 3682 430 3745 orationibus,
447 3698 473 3749 p.
491 3679 527 3729 Μ
546 3694 617 3747 sqq,
635 3677 677 3746 qui
698 3678 751 3747 ipse
766 3680 803 3749 (p.
820 3681 1003 3752 85)plurimos
1019 3682 1067 3736 hae

105 3775 137 3827 de
151 3794 179 3829 re
194 3777 325 3846 scriptores
340 3776 441 3841 citavit,
459 3772 550 3843 qrdbue
568 3770 692 3824 addenttu·
709 3773 745 3825 Cl.
762 3776 872 3844 Revers,
891 3774 925 3829 de
936 3776 1067 3830 Herodoti

19 3867 20 3886 ¹
106 3868 232 3935 dotibus,
260 3888 284 3939 p.
305 3870 322 3919 7
341 3887 395 3939 sqq.
424 3877 450 3919 et
476 3866 584 3928 Geinoz,
613 3866 743 3918 Memoire
773 3886 824 3923 sur
853 3870 1006 3938 Herodoto,
1041 3874 1065 3923 in

106 3966 164 4033 0pp.
181 3963 251 4017 Acad
279 3965 354 4015 lnscr.
372 3962 426 4016 Vol.
446 3960 546 4025 XXlll,
565 3978 588 4029 p.
610 3961 660 4014 101
681 3979 735 4030 sqq.
