2867 5017
780 341 823 407 tt

320 536 355 601 δί
375 535 550 619 εὑρίσκετο,
582 534 665 599 διότι
685 536 718 599 oi
738 537 893 617 παρόντες
916 534 985 607 τοῖς
1008 530 1112 615 ἔργοις
1132 537 1296 621 ἑκάστοις,

320 645 357 707 οὐ
386 645 489 711 ταύτὰ
509 647 581 727 περ)
602 645 667 707 τῶν
689 642 797 707 αὐτῶν
820 640 930 721 ἔλεγον
940 690 951 722 ,
979 638 1052 705 ἀλλ’
1071 643 1116 717 ὥς
1135 647 1297 732 ἑκατέρω

319 780 369 829 τις
397 754 523 825 εὐνοίας
550 756 710 833 ἤμνήμης
740 751 807 837 ἔχοι
842 749 905 837 (l).
947 750 1058 836 Atque
1088 751 1165 818 hinc
1195 758 1296 821 et‘nam

319 863 402 925 illud
429 871 495 937 est,
538 860 652 945 quod,
686 861 713 923 si
741 859 877 944 quando
902 860 1057 924 incertior
1085 881 1136 923 res
1169 882 1296 927 memo·

320 968 424 1031 tanda
448 968 508 1042 sit,
542 986 630 1050 quae
656 986 787 1029 rmnore
812 965 958 1050 quodam
976 966 1080 1052 magis
1110 987 1213 1052 qmm
1241 990 1295 1033 21·-

320 1085 548 1163 gumentorum
578 1072 726 1159 pondere
752 1074 892 1150 nitatur,
925 1074 992 1137 hoc
1022 1076 1163 1161 ingenue
1188 1078 1293 1162 profi-

321 1194 427 1260 tetur,
459 1203 502 1246 ne
531 1183 566 1245 in
597 1200 739 1243 errorem
759 1181 913 1247 labantur
936 1185 1082 1247 lectoies.
1129 1181 1202 1260 Sic,
1234 1185 1294 1249 ubi

321 1290 482 1375 Cyclopes
513 1297 546 1351 et
582 1288 814 1373 Laestrygones
849 1289 970 1373 primos
1003 1288 1133 1351 Siciliae
1169 1290 1293 1355 incolas

320 1394 417 1459 fuisse
446 1393 548 1468 dixit,
585 1391 669 1455 hacc
695 1392 804 1455 addit:
844 1380 891 1457 ὧν
918 1393 979 1472 ἐγὼ
1012 1395 1081 1457 οὔτε
1114 1395 1205 1473 γένος
1231 1398 1295 1484 ἔχω

322 1506 447 1581 εἰπεῖν,
488 1502 559 1565 οὔτε
591 1502 712 1563 ὁπόθεν
744 1496 880 1579 ἐσῆλθον
911 1506 933 1581 ἤ
957 1502 1029 1565 ὅποι
1059 1501 1290 1588 ἀπεχώρησαν·

320 1609 457 1691 ἀρκείτω
480 1607 515 1671 δὲ
545 1609 588 1680 ὥς
608 1609 757 1686 ποιηταῖς
778 1630 812 1669 τε
836 1606 981 1691 εἴρηται,
1016 1612 1070 1671 καί
1090 1610 1132 1682 ὥς
1160 1610 1292 1687 ἕκαστος

322 1740 369 1797 πη
395 1717 565 1793 γιγνώσκει
586 1717 657 1795 περὶ
686 1712 804 1777 αὐτῶν.
832 1714 894 1801 (2).
950 1716 1071 1779 Eodem
1093 1718 1191 1781 modo
1208 1740 1290 1783 nar·

320 1826 479 1889 sationem
499 1823 541 1886 ds
568 1822 786 1901 Alcmaeone,
820 1822 1009 1908 Amphiarai
1029 1824 1117 1902 filio,
1139 1826 1186 1889 ita
1206 1846 1290 1892 oon·

323 1930 448 1995 cludit:
482 1929 524 1991 τὰ
549 1928 608 2008 μὲν
632 1928 705 2009 περὶ
734 1924 949 2009 Ἀλκμαίωνα
979 1934 1111 1995 τοιαῦτα
1138 1930 1290 2016 λεγόμενα

321 2036 540 2124 concisiones
569 2037 633 2123 (3).
677 2036 753 2103 ven·
780 2040 892 2123 itaque
917 2041 1163 2107 studiosissimus
1187 2064 1291 2129 qinim

325 2156 419 2222 esset,
443 2162 505 2209 nec
522 2147 707 2231 quidquam
723 2148 863 2214 scribere
882 2151 997 2229 vellet,
1020 2150 1080 2213 nisi
1091 2154 1184 2237 quod
1201 2166 1291 2219 certo

324 2263 473 2317 constare
507 2253 685 2333 iudicaret,
726 2256 863 2319 sormam
902 2258 999 2321 etiam
1033 2258 1185 2323 historiae
1216 2282 1293 2330 suae

322 2361 497 2446 ipsumque
525 2362 656 2426 dicendi
677 2385 777 2451 gensis
806 2366 849 2429 ad
879 2368 1015 2431 eandem
1041 2380 1217 2433 accuratae
1236 2390 1291 2433 ex·

323 2469 490 2554 positionis
520 2489 668 2533 normam
698 2474 969 2541 accommodavit.
1022 2476 1101 2540 Usus
1131 2478 1217 2539 enim
1246 2488 1294 2541 est

325 2595 435 2639 severs
464 2575 500 2637 in
528 2577 728 2664 temporibus
747 2581 900 2643 notandis
923 2582 1067 2658 ratione,
1102 2581 1181 2644 dum
1210 2583 1294 2667 quid

326 2702 462 2768 quaque
481 2693 599 2747 aestate
621 2696 653 2750 et
672 2685 777 2750 hieme
794 2698 918 2775 gestum
936 2690 993 2767 sit,
1018 2689 1086 2753 sinc
1107 2689 1173 2752 ulla
1193 2688 1292 2753 inter-

326 2792 474 2857 missione
501 2804 667 2857 enomerat
690 2792 754 2878 (4).
802 2796 877 2875 Quo
897 2797 952 2873 fit,
978 2811 1014 2860 ut
1042 2798 1205 2862 annalium
1227 2798 1292 2860 for·

356 3062 399 3133 (1)
426 3065 454 3114 L.
475 3063 506 3127 1,
525 3080 547 3114 c.
566 3062 610 3113 22.

355 3155 397 3221 (2)
425 3155 454 3205 L.
469 3154 520 3215 vt,
538 3170 560 3203 c.
577 3154 603 3202 2.

356 3245 399 3311 (8)
426 3246 453 3296 L.
471 3244 517 3308 11,
530 3260 552 3295 c.
571 3242 635 3294 ios.
671 3240 748 3293 Aliud
764 3241 916 3296 iunsientom
937 3244 1009 3301 itatius
1026 3252 1060 3303 sei
1075 3252 1214 3322 exemplum
1227 3250 1291 3318 iegi-

319 3346 371 3389 ἰιο·
389 3337 406 3389 Ι.
424 3338 462 3401 V,
487 3353 510 3389 c.
528 3338 582 3403 20,
607 3334 650 3388 sihi
670 3336 723 3405 agit
743 3334 777 3389 de
793 3338 894 3391 macuto
918 3340 1047 3412 qudam,
1075 3348 1143 3414 qood
1164 3344 1292 3415 praedixe-

322 3442 388 3499 μί,
412 3436 456 3489 ὅτι
472 3436 533 3505 τρίς
549 3434 627 3487 insin
643 3434 692 3501 ἔτη
710 3434 770 3489 etos
785 3436 916 3501 γίνεσθαι
934 3443 983 3491 τὸν
999 3442 1125 3502 πόλεμον.
1204 3478 1207 3484 -

358 3526 401 3595 (Ι)
429 3523 506 3575 iltius
524 3524 626 3576 rationis
644 3540 722 3577 anuos
740 3541 786 3593 per
804 3534 909 3579 aestates
928 3537 953 3579 et
969 3528 1064 3581 hiemes
1082 3523 1201 3581 metiendi
1219 3542 1294 3580 com·

332 3618 408 3673 moda
424 3626 536 3671 recenset
552 3618 604 3687 ipse
622 3618 639 3670 1.
659 3620 696 3683 V,
715 3634 738 3670 c.
753 3618 798 3669 20.
835 3616 886 3669 Sed
902 3636 958 3670 cam
975 3619 1095 3671 rationem
1114 3613 1186 3667 valde
1202 3615 1294 3685 impro-

331 3710 375 3760 bat
393 3711 466 3761 Dion.
485 3707 539 3759 nst.
559 3709 585 3760 in
604 3708 714 3761 Iudicio
734 3706 768 3761 de
791 3706 872 3761 Thoe.
889 3709 953 3778 opp.
973 3708 1026 3759 vot.
1046 3709 1080 3759 Vi
1090 3744 1099 3773 ‚
1117 3725 1143 3777 p.
1154 3708 1207 3759 826
1223 3726 1279 3780 sqq.

334 3817 442 3870 comque
458 3809 555 3852 secutos
578 3801 727 3867 bissono,
751 3802 881 3855 Memos’re
899 3819 950 3853 sur
969 3800 1066 3867 iiiuc,
1095 3801 1120 3853 in
1136 3803 1200 3871 Opp.
1216 3802 1296 3855 Acad.

336 3893 565 3957 Beroi.a.1791‚
596 3910 621 3961 p.
640 3895 694 3944 534
711 3911 766 3963 sqq.
803 3892 920 3946 Deicodit
944 3902 1026 3946 tamen
1045 3895 1192 3961 Cremonis,
1225 3896 1297 3948 llist.

336 3988 428 4037 Kunst
445 3985 496 4037 der
516 3984 563 4037 Gr.
579 4000 604 4052 p.
621 3986 676 4035 267
691 4003 746 4055 sqq.
