2867 5017
763 395 824 458 10⁰

311 599 361 663 his
380 596 469 662 libris
485 593 606 681 ingenii
624 590 854 677 Xenophontei
870 586 1052 653 ubertatem
1075 608 1116 653 ac
1134 604 1295 657 venusta·

312 715 397 783 tem,
439 700 632 769 narrationis
671 696 802 783 copiam
836 716 876 760 ac
914 696 1079 783 vigorem,
1121 698 1297 765 offendere

312 830 389 875 vero
410 808 656 897 quodammodo
676 807 758 869 exile
791 816 823 869 et
843 804 1036 892 languidum
1066 806 1200 873 dicendi
1234 831 1293 897 ge-

312 939 391 995 nus,
416 937 493 981 cum
513 915 699 1003 praesertim
726 914 975 978 clarissimorum
995 913 1121 977 ducum
1141 916 1296 981 facinora

313 1046 381 1089 non
400 1026 461 1089 nisi
478 1024 583 1088 obiter
604 1031 799 1099 memorata,
824 1031 856 1084 et
877 1021 978 1107 pauci
997 1030 1124 1085 tantum
1141 1022 1210 1085 loci
1220 1024 1296 1109 ple-

315 1152 357 1196 ne
378 1154 514 1219 quaque
533 1131 724 1195 historicum
748 1129 843 1192 decet
862 1148 942 1192 cura
960 1127 1118 1191 elaborati
1138 1130 1203 1193 sint
1230 1130 1303 1218 (1).-

316 1241 392 1321 ouo
411 1240 511 1303 modo
539 1259 682 1324 eumque
709 1247 818 1300 autem
846 1236 929 1299 illud
950 1234 1130 1313 manetur,
1165 1236 1202 1301 hi
1232 1218 1324 1324 tpa'

316 1356 427 1410 tamen
447 1342 542 1421 libri,
567 1364 745 1429 quamnam
763 1342 798 1405 in
818 1340 951 1405 historia
972 1342 1170 1427 explicanda
1191 1345 1298 1408 ratio·

315 1452 594 1538 comprobaverit
612 1449 817 1536 Xenophon,
841 1450 916 1513 satis
926 1450 1092 1515 manifeste
1111 1450 1297 1517 declarant.

358 1561 568 1647 Quamquam
589 1559 735 1624 universe
753 1579 773 1622 a
788 1557 991 1643 'Thucydidis
1011 1560 1172 1646 gravitate
1193 1570 1228 1622 et
1247 1580 1300 1623 se-

319 1666 452 1731 veritate
468 1667 651 1752 longissime
665 1664 884 1751 discrepabat
903 1664 1104 1751 Xenophon,
1129 1674 1163 1729 et
1184 1666 1297 1731 facili-

321 1784 388 1839 tate
408 1775 519 1860 potins
536 1776 714 1861 nativaque
730 1777 935 1863 simplicitate
953 1776 1144 1854 excellebat,
1168 1777 1299 1863 ipsum-

320 1900 388 1966 que
406 1879 538 1943 dicendi
561 1902 663 1968 genus
684 1902 704 1945 a
726 1881 939 1968 Thucydideo
960 1883 1103 1947 habebat
1121 1882 1300 1949 diversissi-

320 2010 431 2066 mum,
456 1999 581 2065 tamen,
606 1987 693 2051 side
714 1988 865 2053 historiae
884 1991 1138 2055 conscribendae
1156 1992 1297 2069 ratione,

320 2097 439 2161 rationi
455 2095 653 2181 Polybianae
675 2098 847 2184 opposita,
880 2120 1039 2183 quaeras,
1074 2120 1192 2185 magna
1212 2100 1304 2164 inter

322 2213 499 2287 utrumque
530 2203 701 2267 intercedit
737 2206 922 2270 similitudo.
980 2206 1094 2291 Neque
1125 2208 1211 2269 enim
1248 2206 1302 2273 vel

322 2308 507 2398 Xenophon
528 2311 569 2374 de
589 2332 699 2376 rerum
710 2314 822 2377 causis
839 2324 871 2378 et
893 2313 1060 2379 effectibus
1078 2314 1119 2377 de
1139 2314 1304 2380 industria

324 2419 503 2507 disputavit
517 2416 589 2505 (2),
613 2430 671 2483 aut
692 2420 794 2485 fusius
808 2442 846 2485 ea
868 2421 1040 2506 explicuit,
1059 2442 1168 2504 neque
1181 2421 1232 2484 de
1248 2442 1304 2485 re-

325 2526 386 2591 bus
400 2527 537 2590 narratis
553 2547 644 2589 snam
654 2528 729 2613 ipse
741 2526 929 2589 sententiam
940 2526 1171 2611 pronuntiavit,
1188 2546 1304 2613 neque

326 2636 465 2699 lectores
484 2635 624 2710 monuit,
639 2642 685 2696 ‘ut
707 2632 854 2719 exempla
875 2634 959 2698 vitae
979 2632 1062 2697 bene
1083 2632 1304 2697 instituendae

326 2764 368 2808 cx
391 2743 523 2807 historia
544 2752 708 2830 peterent,
741 2762 802 2807 nec
823 2741 1008 2828 quidquam
1027 2743 1159 2807 omnino
1182 2764 1201 2806 a
1222 2763 1303 2807 nar-

328 2852 454 2915 ratione
482 2852 624 2915 alienum
651 2850 792 2927 adiecit,
827 2851 887 2913 nisi
916 2836 1109 2935 paucissima
1136 2848 1304 2935 quaedam

326 2979 367 3023 ac
387 2960 586 3035 brevissima,
610 2977 766 3043 quaeque
775 2955 943 3021 *eiusmodi
959 2967 1058 3034 sunt,
1084 2968 1302 3022 utme'mora-
1394 2982 1396 2987 ¹

363 3280 407 3350 (1)
434 3272 691 3329 liemonabilhetiam
711 3284 748 3327 est
765 3274 891 3329 Niebnhrii
908 3276 1060 3331 coniectura·
1073 3280 1111 3351 (in
1130 3282 1300 3338 Mardum
1387 3260 1389 3264 v

333 3374 509 3443 2.1827,p
528 3369 675 3441 194aqq.)‚
693 3370 736 3441 qui
754 3370 930 3427 Hellanicus
949 3372 1045 3427 daubus
1055 3374 1180 3445 partibus,
1199 3376 1301 3431 diverso
1428 3356 1429 3363 ἵ

337 3485 450 3545 tempore
467 3447 628 3537 conscriptis,
656 3474 769 3519 constare
787 3468 879 3521 statuit.
916 3471 1027 3538 Qttarum
1044 3472 1153 3539 partium
1176 3470 1300 3537 alteram,

337 3570 414 3623 libros
429 3565 493 3618 duos
512 3563 625 3634 priores,
651 3562 734 3631 operis
747 3560 906 3630 Thucydidei
925 3580 978 3614 esse
994 3563 1224 3628 continuationem
1241 3564 1301 3615 reli-

335 3684 399 3737 qum
421 3679 481 3714 vero
505 3658 616 3731 quinque
644 3664 784 3727 separatum
811 3673 887 3727 opus,
915 3673 960 3726 per
988 3674 1015 3708 ae
1043 3656 1123 3725 ipsam
1147 3660 1298 3729 Ἑλληνικά

337 3758 443 3810 dictum.
487 3752 598 3804 Priorem
620 3752 697 3821 igilru
725 3759 822 3823 partem
845 3768 894 3803 una
918 3767 975 3802 cnm
1000 3749 1157 3819 Thucydidis
1186 3751 1303 3823 scriptia,

336 3849 500 3923 posteriorem
517 3862 588 3897 -vero
615 3862 667 3898 non
695 3846 741 3897 nisi
765 3853 820 3916 post
843 3844 945 3913 longana
969 3844 1087 3915 temporis
1110 3845 1302 3899 intervallum

334 3942 504 4014 “Xenophonte
522 3938 617 3992 editam
632 3956 692 3992 esse.

358 4039 410 4109 Ι(2)
438 4036 474 4088 Cl.
493 4035 615 4101 Creuzer,
637 4031 674 4087 de
691 4031 869 4103 arrreptonte
890 4032 1035 4101 historico,
1058 4052 1082 4105 p.
1095 4036 1136 4091 12
1154 4035 1232 4090 etat
1248 4050 1302 4106 sqq.
