2867 5017
586 381 648 442 113

124 588 198 659 que
228 569 463 637 demorandum
491 571 689 656 pertinuisse.
733 571 826 637 Certe
853 575 1033 639 communis
1054 585 1100 639 est

124 679 312 744 multorum
326 675 521 762 scriptorum
541 676 691 762 querela,
716 676 882 743 Tisnaeum
903 677 1052 745 acerbius
1072 690 1104 743 et

125 783 305 851 violentius
324 783 360 845 in
380 784 566 869 complures
582 784 667 848 viros
684 784 779 849 irrisae
798 786 980 865 invectum,
998 806 1104 873 eaque

124 892 202 978 ipsa
212 889 264 959 ‚de
286 908 386 955 causa
401 890 467 955 iam
483 891 562 955 olim
575 910 637 976 pro
655 891 786 957 Timaeo
796 892 999 976 Ἐπιτίμαιος
1011 898 1104 967 ioco·

124 1020 161 1062 se
185 999 299 1064 dictus
319 1007 374 1061 est.
415 998 513 1062 Testis
539 999 579 1063 sit
600 999 761 1063 Diodorus
787 1000 924 1065 Siculus.
960 1003 1023 1063 Διὰ
1049 1004 1105 1075 τὰς

122 1106 301 1188 ἀκαίρους,
322 1102 445 1187 inquil,
463 1106 518 1165 καὶ
537 1106 658 1186 μακρὰς
675 1106 864 1189 ἐπιτιμήσεις
884 1101 1016 1183 εὐλόγως
1032 1104 1105 1169 δια-

124 1210 307 1299 βάλλεται·
345 1213 399 1273 καὶ
433 1208 488 1273 διὰ
520 1215 578 1291 τὴν
608 1211 787 1299 ὑπερβολὴν
818 1218 873 1294 τῆς
906 1214 1106 1295 intremiscere

6 1389 7 1398 χ
123 1320 338 1401 Ἐπιτίμαιος
354 1317 416 1383 ὑπό
441 1342 538 1383 τινων
559 1318 734 1403 ὠνομάσθη
758 1321 820 1409 (1).
852 1320 920 1385 Nec
941 1322 1023 1386 illud
1042 1346 1103 1404 μα-

123 1433 208 1512 κράς
229 1428 346 1491 iniuria
363 1428 471 1513 posuit
487 1427 656 1491 Diodorus.
680 1428 732 1491 Ita
747 1430 832 1493 euim
848 1429 964 1514 longus
979 1438 1013 1493 et
1033 1450 1105 1496 ver·

6 1611 7 1638 ,
123 1537 234 1603 bosus
256 1535 404 1599 Timaeus
433 1535 527 1599 luisse
559 1535 766 1622 perhibetur,
801 1546 837 1600 ut
858 1536 1007 1623 garrulae
1027 1558 1107 1603 anus

6 1645 7 1671 ¹
126 1641 450 1732 (γραοσυλλιιιτρέας)
477 1664 658 1731 cognomen
680 1646 846 1731 acceperit
871 1643 933 1730 (2).

171 1753 294 1818 Restat
317 1760 353 1813 ut
383 1748 522 1815 breviter
549 1751 715 1815 videamus
740 1750 781 1815 de
808 1750 1013 1837 Phylarcho,
1049 1752 1109 1836 qui

123 1860 210 1925 inde
233 1882 254 1923 a
269 1857 383 1943 Pyrrhi
400 1860 434 1921 in
456 1860 715 1942 Peloponnesum
731 1860 938 1945 expeditione
958 1860 1002 1924 ad
1018 1878 1106 1923 mor·

123 1976 202 2029 tem
228 1963 407 2027 Cleomenis
436 1962 506 2038 Ill,
543 1962 779 2047 Spartanorum
808 1965 910 2051 regis,
946 1966 1111 2031 historiam

125 2074 252 2161 viginti
279 2083 312 2137 et
333 2082 409 2135 octo
430 2072 519 2137 libris
544 2076 733 2159 complexus
751 2087 796 2139 est
821 2074 884 2161 (3).
925 2070 1028 2135 Huius
1048 2090 1107 2135 au·

126 2194 203 2246 tem
228 2179 390 2245 scribendi
419 2182 501 2245 ratio
526 2203 545 2245 e
571 2203 670 2269 supra
690 2183 786 2247 dictis
806 2183 910 2271 probe
930 2182 995 2245 iam
1014 2180 1109 2243 intel-

125 2287 191 2374 ligi
214 2296 330 2372 potest.
376 2286 524 2352 Vidimus
553 2287 638 2349 enim
654 2285 893 2372 Phylarchum,
918 2289 976 2351 etsi
997 2288 1038 2351 de
1055 2308 1107 2353 re·

127 2414 211 2459 mun
229 2395 337 2459 causis
356 2394 521 2458 tradendis
540 2414 607 2458 non
628 2395 816 2471 sollicitum,
840 2396 916 2457 satis
934 2394 1038 2457 multa
1058 2403 1108 2457 ta·

127 2522 212 2567 men
238 2503 274 2565 in
303 2501 454 2565 historiae
481 2521 578 2565 cursu
607 2522 705 2565 esua
727 2522 865 2589 persona
885 2499 1107 2585 disputavisse.

6 2647 7 2673 ι
126 2610 174 2673 Et
197 2610 384 2693 praesertim
405 2628 526 2694 quum,
559 2621 637 2673 teste
663 2610 799 2695 Polybio
822 2608 891 2696 (ci),
923 2610 958 2673 in
977 2608 1108 2673 misera·

6 2755 7 2774 2
127 2736 211 2779 rum
237 2734 347 2777 rerum
373 2716 498 2799 tragica
523 2724 555 2775 et
581 2715 694 2777 inflata
715 2716 933 2799 descriptione
953 2716 1109 2801 imprimis

127 2822 199 2887 sibi
221 2822 383 2909 placeret,
416 2822 495 2884 huic
521 2821 657 2883 oratoris
686 2821 803 2905 agendi
837 2820 944 2883 studio
974 2822 1110 2883 nimium

129 2932 308 3015 aliquanto
327 2929 479 3005 indulsit,
505 2948 665 3014 suumque
696 2936 948 3013 »argrrmentum
971 2924 1018 2987 ita
1042 2933 1108 2987 tra·

6 3167 7 3174 ¹
80 3213 84 3220 ,
163 3154 209 3221 (1)
238 3153 312 3206 atat
330 3155 347 3207 l.
373 3156 413 3223 V,
441 3174 463 3209 c.
487 3158 514 3207 1.
551 3154 648 3208 Endera
672 3154 751 3207 modo
771 3154 833 3207 rarii
854 3154 986 3225 scriptores
1008 3150 1104 3205 limaci

134 3244 341 3299 maledicentiam
356 3247 518 3310 incusarunt,
546 3248 644 3315 Nepos,
662 3246 771 3313 Strabo,
788 3247 951 3313 Plutarchus,
970 3245 1021 3307 alii.

165 3338 210 3408 (2)
237 3333 325 3387 Suidas
340 3336 367 3387 iu
385 3353 409 3389 v.
430 3336 552 3395 Τίμαιος.
731 3408 734 3411 Ι

164 3431 210 3501 (3)
238 3430 275 3481 De
291 3427 423 3497 Phylarehi
446 3430 497 3481 rita
516 3436 544 3479 et
564 3427 662 3497 scriptis
681 3424 724 3479 cff.
743 3428 847 3480 Sericus
871 3430 899 3479 iu
927 3428 994 3497 Opp.
1019 3428 1105 3482 acad.

136 3530 230 3581 Ιιιιον.
248 3523 303 3576 Vol.
320 3522 400 3588 vllt,
424 3541 449 3594 p.
469 3522 524 3573 118
545 3538 600 3591 sqq.
617 3522 680 3575 etl.
696 3522 725 3573 F.
748 3520 829 3574 Lucht
849 3522 876 3573 in
896 3521 1105 3591 commentatione

137 3638 217 3693 quam
235 3616 328 3671 adiecit
345 3616 490 3686 magnentis
512 3613 645 3683 Phylarchi
662 3632 678 3667 a
694 3632 722 3667 se
740 3612 821 3667 editis.

167 3716 209 3783 (ι)
237 3713 311 3765 cnm
328 3708 465 3774 suasum,
483 3722 636 3777 quanqum
655 3704 689 3758 se
704 3704 845 3775 Phylarcho
862 3706 991 3777 rnrquru,
1008 3694 1104 3758 urcass

139 3824 200 3861 men
218 3804 357 3876 argumenti
378 3802 434 3854 loco
449 3798 571 3853 adhibere
590 3798 668 3879 licet,
692 3796 735 3850 nbi
755 3797 788 3852 de
807 3800 858 3853 sola
878 3801 975 3853 ratione
990 3798 1105 3853 scriben-

139 3900 185 3969 di,
202 3919 252 3954 non
269 3917 329 3953 vero
344 3896 379 3949 de
396 3894 448 3947 fide
464 3893 580 3945 historica
596 3893 685 3971 agitem
704 3894 779 3945 Ratio
799 3904 882 3949 autem
898 3894 1023 3949 scribendi
1040 3894 1105 3963 Phy-

140 3995 240 4049 lamhee
259 3995 316 4049 satis
334 3990 464 4046 manifeste
483 4005 515 4041 ex
532 3986 637 4059 Polybio
654 3987 818 4059 cognoscitur.

996 4078 1028 4140 a
