2867 5017
792 352 853 417 108

344 547 445 622 αὐτὰς
456 594 466 627 ,
497 549 553 609 καὶ
581 546 621 609 τοὶ
650 550 743 627 πάδη
770 550 825 627 ’τῆς
854 548 976 632 ψυχῆς,
1006 548 1028 609 οἳ
1055 550 1097 629 μὴ
1128 548 1233 635 ῥᾴδια
1262 560 1338 630 τοῖς

344 654 476 730 πολλοῖς
496 651 635 719 εἰδέναι·
668 658 724 717 ταὶ
742 658 851 719 πάντα
873 650 1082 719 ἐκκαλύπτειν
1103 658 1143 719 τὰ
1162 667 1338 746 μυστήρια

343 770 400 846 τῆς
430 786 464 828 τε
498 759 650 843 δοκούσης
680 761 793 844 ἀρετῆς
832 765 888 825 καὶ
924 766 980 842 τῆς
1008 760 1229 851 ἀγνοουμένης
1266 794 1337 835 κα-

344 873 417 946 κίας
440 869 503 959 (l).
547 868 657 948 ldem,
689 892 795 957 quum
827 880 923 935 antea
949 880 1083 937 testatus
1111 884 1193 939 esset
1216 875 1336 942 Theo-

343 998 504 1065 pompam
536 974 693 1063 βασιλέων
728 1003 762 1043 τε
801 980 891 1065 βίους
920 982 975 1044 καὶ
1005 983 1129 1065 τρόπων
1159 981 1335 1067 ἰδιώματα

344 1082 572 1168 δεδηλωκέναι,
597 1086 718 1151 clarius
738 1089 835 1151 etiam
856 1088 952 1153 huius
972 1089 1155 1175 scriptionis
1175 1092 1335 1159 indolem

344 1194 504 1280 explieat,
538 1192 594 1257 ubi
621 1194 684 1258 ait:
715 1197 770 1257 καὶ
801 1193 849 1259 ἔτι
875 1196 955 1279 πρὸς
974 1199 1116 1275 τούτοις,
1143 1198 1204 1262 ὅσοι
1228 1197 1335 1280 φιλο-

345 1305 437 1381 σοφεῖ
458 1297 535 1383 παρ’
555 1297 634 1381 ὃλην
664 1299 901 1385 [τὴκὶστορίαα
924 1301 1010 1387 περὶ]
1039 1300 1247 1389 δικαιοσύνης
1270 1308 1333 1370 καὶ

346 1404 526 1491 εὐσεβείας,
549 1407 605 1468 καὶ
626 1408 698 1488 περὶ
724 1406 789 1469 τῶν
820 1402 928 1471 ἄλλων
950 1406 1070 1491 operor
1095 1410 1238 1489 πολλοὺς
1271 1417 1333 1479 καὶ

170 1488 174 1495 ⁷
290 1501 295 1507 ⁴
346 1509 463 1587 καλοδς
501 1510 733 1598 διεξερχόμενος
772 1510 887 1591 λόγους
919 1513 991 1602 (2);
1042 1515 1173 1597 Quanta
1209 1532 1333 1589 autem

346 1620 550 1707 Theopompi
588 1622 624 1686 in
655 1621 720 1686 bae
758 1625 980 1710 παρεκβάσεων
1021 1622 1219 1712 ἐπεισαγωγῇ
1270 1629 1327 1716 (3)

346 1728 443 1793 fuerit
463 1728 580 1791 diffusa
602 1726 750 1804 ubertas,
781 1727 858 1791 inde
880 1738 1037 1816 apparet,
1069 1732 1180 1815 quod,
1208 1754 1330 1819 quum

345 1847 424 1903 ooto
454 1848 487 1901 et
518 1838 758 1925 quinquaginta
788 1838 876 1903 libris
896 1839 1079 1928 Philippica
1099 1840 1329 1928 eomprehen-

344 1946 459 2023 disset,
484 1944 641 2031 posterior
660 1945 715 2009 ille
735 1944 922 2033 Philippus,
947 1947 1053 2012 Persei
1084 1956 1193 2035 pater,
1229 1968 1327 2015 rese*

345 2051 407 2115 etis
433 2049 603 2128 omnibus,
638 2072 726 2137 quae
754 2053 798 2117 ad
824 2054 1023 2141 propositam
1055 2053 1223 2119 historiam
1254 2076 1329 2121 non

344 2159 481 2221 strictim
500 2157 718 2244 pertinerent,
742 2179 811 2223 non
830 2159 890 2222 nisi
911 2158 1051 2222 sedecim
1071 2156 1172 2223 libros
1190 2159 1327 2225 habue-

344 2266 387 2330 rit
405 2265 590 2352 superstites
613 2264 676 2351 (l).
712 2264 921 2351 Quamquam
941 2265 1140 2331 monendum
1161 2275 1226 2345 est,
1254 2287 1327 2332 non

343 2393 455 2439 omnes
474 2373 545 2437 illas
566 2373 775 2461 digressiones
801 2373 925 2438 disertis
945 2373 1239 2460 disputationibus,
1265 2375 1329 2440 sed

336 2482 581 2547 narrationibus
598 2482 697 2545 etiam
716 2481 876 2543 lustoriois
896 2479 961 2543 sive
982 2479 1133 2565 episodiis
1153 2485 1328 2547 constitis-

341 2612 394 2668 se,
418 2610 506 2675 quae
525 2589 577 2653 vel
596 2584 806 2649 illustrandae
825 2584 912 2670 parti
928 2583 1028 2649 alicui
1047 2583 1245 2667 obscuriori,
1268 2591 1328 2657 vel

343 2695 490 2762 varietati
510 2690 691 2783 legentibus
711 2692 938 2757 conciliandae
966 2693 1153 2760 inservirent
1173 2692 1238 2780 (5).

339 2844 343 2856 ·
385 2805 494 2892 Supra
528 2803 594 2866 iam
623 2800 762 2866 vidimus
788 2801 824 2865 in
854 2799 919 2866 boe
937 2830 939 2833 ·
957 2802 1050 2888 ipso,
1084 2823 1154 2889 quo
1184 2801 1324 2869 liberius

343 2935 419 2981 ustas
436 2922 505 2989 est,
540 2909 708 2975 iudicandi
727 2930 844 2997 genere
866 2910 1049 2993 acerbitatis
1077 2922 1111 2976 et
1139 2910 1322 2977 iniustitiae

331 3070 533 3089 m

338 3178 341 3183 .
372 3140 416 3206 (1)
443 3136 537 3204 Epist.
559 3134 599 3185 od
611 3135 706 3202 Pomp.
724 3134 789 3201 Opp.
805 3132 860 3184 Vol.
875 3133 927 3197 t'l,
954 3148 979 3199 p.
1000 3133 1053 3184 784
1072 3150 1127 3203 aq,
1154 3142 1182 3187 et
1200 3138 1235 3189 cf,
1254 3140 1316 3195 vot

338 3230 425 3389 5¹le
443 3225 612 3369 bibiena
627 3310 698 3364 aneia
721 3310 815 3365 inclusa
831 3310 932 3366 addidit
945 3314 1102 3387 Sylburgias,
1125 3318 1184 3390 quia
1203 3318 1313 3381 deside-

344 3411 394 3466 rari
410 3409 528 3463 nonnulla
546 3406 604 3460 satis
621 3402 730 3477 patebat.
790 3402 793 3408 ’

373 3504 417 3575 (3)
443 3503 484 3559 Uti
501 3503 536 3557 ait
554 3501 626 3553 Ilion.
643 3499 699 3553 Hal.
715 3497 770 3551 vot.
787 3499 825 3566 V,
843 3518 867 3571 p.
884 3500 946 3555 429.

373 3601 416 3672 (l)
443 3599 562 3663 Photirn,
580 3594 654 3648 Bttt.
672 3592 734 3647 Cod-
760 3600 824 3668 ρος’.
862 3597 916 3648 Hae
944 3604 1027 3649 autem
1055 3596 1219 3666 digressiones
1241 3602 1316 3673 apud

342 3696 534 3767 Theopompum
557 3708 633 3763 quarn
655 3690 750 3745 fuerint
771 3688 899 3760 prolixae,
924 3688 999 3745 dooet
1014 3691 1089 3745 etiam
1104 3692 1172 3745 lorus
1185 3692 1308 3763 Tbeorrir,

344 3806 420 3861 quem
435 3807 508 3861 uapra
526 3790 564 3859 (p.
584 3787 656 3852 106,
682 3803 741 3838 aaa.
763 3786 794 3855 2)
814 3785 893 3855 anuli.

371 3882 415 3951 (5)
442 3884 475 3937 tlt
491 3887 562 3952 patet
578 3896 610 3931 ex
635 3877 772 3949 nauplio,
800 3894 864 3947 qaae
884 3878 1019 3933 attulerunt
1041 3881 1172 3952 Eytaonias
1194 3884 1312 3939 Wiobers

345 3976 398 4028 ll.
415 3995 440 4048 p.
460 3977 495 4029 to
514 3995 568 4048 sqq.
588 3985 614 4027 et
632 3974 756 4043 Piluqliua
776 3974 792 4025 Ι.
808 3974 822 4025 Ι.
843 3993 868 4043 p.
885 3977 920 4028 39
937 3994 991 4047 sqq.
