2867 5017
572 362 634 425 1215

114 558 189 623 loco
211 566 288 644 apte
309 554 490 640 disponere.
520 554 607 617 lllud
626 562 735 617 autern
754 557 836 641 quin
852 556 995 623 hirtorici
1006 576 1090 646 opus

119 669 174 741 sit,
196 678 267 727 non
288 660 421 736 dubito,
455 658 574 724 lltlloc
590 679 669 724 vero
685 662 731 725 ita
756 678 831 726 eum
850 668 968 729 versari
988 686 1088 754 opor·-

117 784 184 836 tere
201 770 369 845 existimo,
402 776 440 830 ut
460 766 725 853 quascuiusque
743 768 789 831 rei
809 785 923 837 otinas
944 773 1030 837 lenta
1055 784 1089 837 et

116 888 271 945 accurata
283 875 493 962 inquisitione
513 885 591 939 anta
610 875 821 941 scribendrun
838 880 1008 957 invenerit,
1033 902 1088 945 ens

113 996 277 1073 perpetuo
307 983 500 1048 narrationis
532 984 640 1047 cursui
676 984 723 1046 ita
748 984 913 1061 innectat,
948 996 986 1049 ut
1016 1006 1088 1051 earn

14 1125 15 1132 κ
110 1114 201 1170 rem,
228 1093 324 1156 cuius
343 1112 461 1156 causae
477 1092 611 1168 luerint,
637 1092 731 1179 quasi
749 1104 944 1179 praeparent
961 1114 1003 1159 ac
1020 1095 1088 1159 lere

111 1201 304 1276 adducant,
339 1220 413 1264 nec‘
433 1210 541 1265 tamen
562 1222 581 1265 a
606 1221 714 1265 rerum
745 1203 975 1287 lectorumque
1007 1202 1087 1265 serie

15 1345 16 1358 κ
114 1309 366 1396 distinguantur.
399 1308 499 1389 Quod
517 1330 556 1373 eo
579 1311 680 1373 tutius
698 1330 739 1374 ac
759 1308 963 1375 commodius
979 1308 1087 1372 lacere

114 1413 243 1491 licebit,
258 1414 355 1499 qood
378 1435 442 1477 »ea
461 1434 549 1500 quae
568 1414 672 1479 adre's
688 1414 832 1502 agendas
851 1413 998 1477 homines
1017 1432 1088 1477 rno-

15 1513 16 1526 ’
111 1540 217 1585 arere
242 1522 365 1600 solent,
390 1524 597 1609 plerumque
617 1533 650 1588 at
671 1523 742 1610 ipsa
763 1523 852 1587 tacta
878 1540 944 1584 asse
966 1521 1088 1598 solent,

15 1658 17 1675 υ
115 1638 249 1713 »eoque
263 1629 395 1691 nomine
414 1629 490 1691 illac
511 1630 600 1715 ipsae
622 1648 741 1694 earrsae
755 1627 816 1691 sub
834 1626 977 1691 historici
993 1627 1089 1691 etiam

15 2103 16 2154 l

14 2190 16 2235 l

115 1736 359 1799 ‚narrationem
380 1736 503 1799 directe
524 1736 649 1799 cadunt
673 1734 765 1821 (l).'’
790 1733 856 1798 Cur
875 1735 962 1797 enim
979 1753 1018 1798 ea
1033 1744 1090 1799 aut

110 1846 204 1909 tacta
234 1852 290 1905 aut
320 1842 471 1915 consilia,
506 1862 593 1926 quae
625 1844 703 1904 alias
724 1862 775 1903 res
801 1851 1019 1925 pepererunt,
1055 1851 1089 1905 at

105 1953 185 2037 ipsa
203 1954 312 2010 tamen
331 1966 390 2029 par
407 1964 440 2007 se
456 1964 516 2008 suo
536 1947 610 2009 loco
626 1945 837 2009 memoranda
857 1956 966 2022 erant,
990 1947 1034 2010 ob
1053 1949 1090 2011 id

106 2058 244 2143 ipsum,
280 2051 360 2136 quia
387 2050 466 2113 alias
489 2071 538 2114 res
559 2063 773 2139 pepererunt,
799 2073 819 2115 a
840 2053 967 2139 reliquo
987 2054 1088 2119 histo-

109 2164 183 2225 riae
204 2178 343 2245 corpore
358 2159 610 2224 divellerentur?
630 2161 698 2226 Nee
707 2161 813 2225 urium
830 2162 928 2225 etiarn
946 2160 1011 2225 hoc
1026 2161 1087 2227 ob·

112 2277 280 2343 serretur,
318 2266 443 2329 nullam
473 2266 540 2329 lere
567 2286 636 2331 rem
664 2269 699 2331 in
730 2267 861 2331 hidoria
893 2286 1086 2346 occurrere,

113 2376 216 2461 quin,
251 2373 300 2437 uti
319 2373 390 2457 ipsa
419 2373 524 2435 amis
552 2374 657 2436 causis
679 2374 909 2459 prolectant,
942 2377 989 2438 ita
1010 2376 1090 2439 adas

111 2482 166 2546 res
203 2480 432 2557 commorerit3
466 2479 554 2542 uude
591 2492 750 2565 apparet,
789 2491 892 2545 totam
923 2481 1087 2545 historiam

112 2609 185 2652 non
206 2589 386 2673 interrupta
405 2607 578 2651 causarum
598 2598 840 2673 eventuumque
859 2597 974 2651 catena
994 2608 1086 2653 com-

110 2692 286 2782 prehendi.
332 2694 421 2775 Quid
449 2695 547 2780 igitur
571 2694 682 2772 fieret,
716 2697 742 2759 si
768 2697 852 2761 haec
872 2695 982 2759 omnia
999 2696 1088 2781 rigil-

102 2804 207 2867 vlatim
229 2803 400 2866 tractanda
421 2811 523 2864 maent
542 2814 770 2891 perpetuoque
792 2803 1024 2869 commentario
1048 2804 1088 2865 il-

114 2909 310 2973 lustranda?
331 2907 521 2985 decideret,
544 2910 658 2988 credo,
682 2914 776 2996 quod
795 2914 865 3001 ipae
885 2909 1006 2976 alieubi
1024 2911 1086 2975 Po·

115 3017 222 3101 lybiua
240 3015 390 3079 metuisse
413 3013 559 3090 videtur,
583 3013 641 3077 ubi
659 3036 693 3077 se
712 3020 821 3082 nescio
841 3018 933 3081 cuius
952 3016 999 3079 rei
1009 3036 1089 3079 eau-
1106 3094 1111 3107 „

113 3144 184 3189 sam
198 3125 336 3190 breviter
353 3131 479 3185 tantum
495 3132 749 3187 memoraturum
767 3144 832 3189 mse
849 3126 944 3202 dicit,
969 3126 1026 3187 i'ra
1043 3130 1085 3206 μὴ

115 3239 171 3312 τῆς
188 3232 293 3303 αἰτίας
308 3229 416 3291 αἰτίαν
436 3227 655 3309 ἐπιζητούσης,
668 3229 887 3307 ἀνυπόστατος
906 3239 927 3315 ri
944 3238 998 3313 τῆς
1013 3230 1088 3315 ὅλης

113 3334 295 3411 ὑποθέσεως
315 3339 394 3423 ἀρχὴ
411 3339 542 3423 γένηται
563 3346 617 3405 καὶ
638 3344 759 3426 θεωρία
776 3343 838 3431 (2).
870 3347 988 3411 Tolles'
1000 3349 1087 3411 enim

114 3446 308 3510 narrationis
345 3448 439 3513 filum
471 3450 736 3537 abnnnperetur,
781 3463 817 3516 ut
858 3454 989 3519 tandem
1028 3474 1088 3541 per

114 3554 217 3639 ipsam
235 3554 325 3618 illam
341 3550 505 3643 scriptoria
522 3558 743 3637 sedulitatern',
768 3582 855 3646 quae
872 3562 981 3626 facilia
996 3572 1087 3627 erant

117 3680 155 3723 ac
172 3663 365 3749 perspicua,
401 3667 556 3752 impedita
574 3677 677 3752 atque
696 3666 836 3732 obseura
861 3672 1082 3737 redderentur.

122 3813 309 3828 *ι

153 3906 196 3974 (1)
222 3907 305 3960 vena
323 3912 418 3963 rasin
437 3913 453 3967 ι.
472 3912 489 3964 ι.
509 3930 534 3982 p.
554 3914 606 3965 raa
626 3930 662 3983 aq.
724 3920 726 3928 J

158 4001 200 4069 (a)
229 4004 256 4055 r.
275 4004 304 4068 r,
323 4022 344 4056 ο.
361 4007 386 4056 5.
