2867 5017
785 355 808 420 8

329 555 453 630 aeluri,
492 555 695 617 historiarum
728 550 818 615 libris
846 553 919 627 xt,
953 553 1073 616 exiruio
1101 566 1246 619 vetermu
1266 559 1308 622 li-

330 672 472 725 terarum
493 669 713 725 monumento.
750 659 841 740 Quos
860 659 961 725 libros
987 663 1013 725 si
1043 662 1185 749 integros
1204 665 1307 731 habe-

331 789 457 846 remus,
483 779 641 856 quautam
662 789 702 831 ax
724 768 762 830 iis
783 787 860 830 eum
878 767 1045 847 laetoriae,
1070 781 1141 835 tum
1161 773 1305 858 antiqui-

333 877 420 953 tatis,
455 877 691 963 geographiae,
723 878 769 939 rei
791 875 894 941 civilis
915 897 956 940 ao
976 875 1114 943 bellicae
1146 881 1305 966 cognitio

327 1001 402 1046 uem
430 982 647 1059 hauriremus,
679 990 838 1067 quantam
862 993 1112 1068 praeceptorum
1145 989 1306 1053 exoellen·

331 1090 412 1152 tium
433 1087 624 1153 libertatem.
656 1088 699 1151 At
720 1087 788 1152 hoc
806 1085 900 1150 uobis
916 1087 1032 1153 inridit
1047 1090 1195 1171 ioum,
1220 1115 1309 1180 quae

333 1207 384 1260 tot
412 1197 652 1282 pretiosissimas
681 1197 809 1281 priseae
847 1197 963 1260 aetatis
997 1197 1151 1284 reliquias
1178 1200 1307 1266 delerit.

336 1306 468 1368 Etanto
492 1302 673 1380 librorum,
701 1303 823 1388 quibus
848 1303 1003 1388 Polybius
1028 1305 1195 1370 historiam
1215 1329 1308 1372 eom·

335 1414 450 1500 plexus
475 1421 564 1488 erat,
588 1431 744 1487 numero,
764 1431 836 1492 ¹nou
858 1412 921 1474 'nisi
951 1413 1100 1498 quinque
1121 1415 1245 1499 priores
1264 1415 1310 1480 ad

333 1541 393 1585 noa
418 1520 534 1606 integri
556 1530 790 1606 pervenerunt,
822 1521 903 1584 sexti
923 1541 1002 1606 pars
1018 1520 1138 1598 maior,
1164 1523 1310 1608 reliquo-

334 1651 407 1694 rum
428 1630 627 1715 lragmanta,
652 1630 773 1714 partim
794 1631 941 1715 longiora
962 1639 994 1692 et
1015 1630 1169 1715 copiosa,
1188 1634 1312 1716 partina

337 1739 485 1803 breviora
513 1745 545 1798 et
574 1735 685 1798 tenuia
709 1734 772 1821 (l).
812 1735 895 1811 Sed,
929 1744 965 1799 ut
988 1745 1024 1798 ut
1045 1746 1110 1813 est,
1141 1757 1180 1800 ea
1200 1748 1312 1803 tamen

338 1867 433 1932 pars,
467 1863 569 1930 quam
601 1843 805 1928 superstitem
833 1842 1008 1921 hahemus,
1040 1855 1072 1907 et
1100 1845 1169 1930 ipsa
1191 1865 1312 1931 perse

335 1954 445 2039 magni
472 1952 623 2016 iacienda
652 1962 715 2028 est,
751 1961 783 2016 et
812 1954 911 2017 totius
938 1955 1046 2041 operis
1073 1955 1217 2018 indolem
1236 1959 1314 2021 satis

334 2059 500 2126 manifeste
522 2059 678 2122 declarat.
709 2059 759 2120 hc
775 2057 817 2120 de
837 2060 952 2123 ceteris
972 2060 1107 2146 quidem
1127 2062 1196 2125 eius
1222 2063 1310 2126 doti·

339 2167 420 2242 bus,
456 2165 498 2228 de
526 2165 593 2229 fide
621 2165 775 2228 historica
807 2175 837 2228 et
860 2167 947 2242 aliis,
984 2188 1215 2254 quaecumque
1242 2170 1311 2234 huo

338 2275 535 2360 pertineant,
564 2292 630 2335 non
652 2291 865 2357 exponemus,
897 2273 990 2358 quod
1014 2295 1123 2361 neque
1146 2277 1246 2339 nostri
1263 2287 1310 2341 est

339 2382 481 2456 consilii,
507 2389 539 2444 et
560 2401 579 2443 a
602 2378 815 2444 Goudoevero
836 2379 876 2445 V.
897 2378 945 2445 ct.
967 2381 1147 2446 luculenter
1164 2383 1242 2447 olim
1262 2395 1310 2448 est

335 2491 537 2576 explicatum
558 2487 620 2576 (2)
656 2487 772 2572 Neque
792 2487 947 2550 orationis
964 2487 1153 2555 facultatem
1170 2492 1308 2579 attingo-

334 2691 470 2762 ,Polybiaui
495 2696 561 2764 περὶ
578 2700 628 2761 τῆς
645 2696 710 2762 περὶ
727 2697 778 2746 τὸν
794 2694 1117 2768 ’Ῑσημιρννὸν”οὶκῆσευς.
1151 2693 1306 2751 sedhiltlrri

344 2806 432 2842 omnes
449 2785 637 2841 interciderunt.
673 2787 789 2838 Ceteurrrr
805 2784 839 2837 de
857 2786 956 2858 sedptis
970 2788 1068 2860 Polyhii
1086 2787 1130 2843 eff.
1149 2791 1307 2844 retenuulo·

345 2885 385 2953 ci,
403 2900 466 2956 quos
479 2881 562 2934 attulit
578 2877 722 2948 Schweigh.
741 2877 796 2931 Vol.
811 2879 847 2943 V,
863 2896 888 2948 p.
905 2880 1018 2932 16—28.

373 2979 416 3046 (1)
443 2979 481 3029 De
497 2974 601 3028 divorsis
616 2971 712 3040 Polyhii
723 2969 888 3033 editionibus,
906 2987 971 3038 quae
985 2972 1170 3026 norisarbiude
1183 2977 1308 3046 fragmen·

346 3072 379 3122 tis
396 3068 560 3136 locupletatae
578 3073 649 3128 sunt,
669 3055 770 3113 abunde
780 3067 944 3127 exporuurrm
963 3062 1025 3112 rarii
1044 3062 1168 3133 editores,
1187 3071 1310 3140 tmpfimig

348 3158 495 3226 Schweigh,
512 3158 539 3208 iu
558 3154 639 3207 Praei.
660 3153 717 3204 Vol.
734 3153 755 3201 l.
792 3152 882 3202 Nostro
906 3158 1019 3222 tempore
1042 3171 1107 3207 nora
1132 3161 1235 3212 noces-'t
1252 3181 1310 3232 pm

347 3251 486 3325 quaedam,
511 3249 649 3316 fragmenta
664 3261 678 3296 e
692 3242 819 3295 Vaticanis
833 3239 914 3295 Codd.
929 3243 1091 3317 palimptertir
1108 3249 1134 3301 iu
1149 3251 1231 3306 lucem
1245 3273 1310 3325 9¹0·

346 3354 426 3399 tracta
443 3360 457 3395 a
474 3339 557 3396 Celeb.
574 3338 670 3407 Angelo
685 3337 768 3402 hlaio,
787 3345 812 3389 et
828 3334 860 3388 ab
870 3337 924 3407 ipso
939 3337 1009 3392 edila
1023 3342 1133 3396 inltosa
1147 3345 1309 3405 muscam

346 3452 471 3494 ostentm
489 3438 671 3506 sosipatrus,
690 3432 745 3484 Vol
765 3433 798 3485 ll·
825 3433 894 3485 Haeo
911 3443 1015 3505 pomer,
1032 3455 1108 3508 quam
1123 3441 1235 3510 plurimis
1249 3444 1310 3497 louis

342 3534 488 3597 emendata,
507 3533 533 3583 in
549 3529 629 3600 patria
648 3536 731 3580 nostra
747 3525 830 3578 edidit
846 3527 881 3578 ct.
893 3529 916 3580 Ι.
929 3531 990 3581 Geel
1003 3532 1099 3611 x(hugal,
1108 3536 1163 3587 fflt.
1178 3539 1309 3607 alm),

350 3640 406 3680 tum
423 3629 450 3679 in
466 3625 599 3677 Germania
615 3622 713 3692 repetiit
731 3620 787 3675 loh.
803 3623 844 3674 rr.
862 3622 944 3675 tuem
963 3625 1096 3693 (Alienae,
1115 3645 1137 3680 a.
1154 3631 1252 3700 183⁰),

377 3723 420 3789 (2)
448 3721 527 3790 Disp.
547 3717 580 3769 de
600 3717 745 3769 historicis
761 3713 878 3788 Polyttt
887 3715 1022 3771 traditu
1041 3721 1152 3789 (Tr-aim.
1168 3724 1261 3791 18⁰9).
1277 3757 1311 3770 .-

352 3815 441 3871 Fidem
456 3811 552 3882 Polybii
568 3812 711 3864 historicam
728 3812 833 3864 tentarit
848 3813 962 3866 astutus
978 3814 1006 3866 in
1021 3815 1101 3867 Praei.
1111 3814 1144 3867 ad
1153 3816 1310 3889 Polybium

349 3905 552 3981 ,(Artimndv.od
566 3906 685 3958 Gratum
704 3915 850 3970 autores,
867 3906 955 3960 volv
964 3944 973 3971 ‚
991 3924 1017 3976 p,
1034 3908 1087 3960 766
1102 3912 1186 3980 Ἥ),
1205 3919 1231 3963 e,
1246 3912 1310 3966 ium

352 4005 399 4056 alia
419 4001 480 4055 ‹tiotr
501 4001 538 4070 (p.
556 4000 634 4066 tart:
672 3996 806 4050 »Stultitia
823 4014 883 4065 ergo
898 3999 930 4050 sit
947 3997 983 4053 αι,
1000 4017 1030 4051 00
1046 4018 1132 4056 ,m
1155 4011 1309 4072 mmm,
