2867 5017
779 360 823 429 70

321 580 388 651 que
412 558 555 650 gerendo
574 578 700 646 senper
722 560 756 623 in
777 564 934 643 promptu
961 565 1096 642 paratur
1120 560 1171 625 rit.
1204 560 1301 645 Quae

320 671 429 735 omnia
457 688 563 754 quum
588 667 691 733 tribus
718 666 826 731 modis
846 664 1034 743 discantm‚
1069 667 1133 732 rol*
1146 668 1297 739 doetrha

192 801 200 815 ·
323 799 363 843 ac
385 776 515 852 studio,
549 777 600 841 vel
621 797 661 841 ex
681 774 836 852 historia¹
869 774 921 839 rel
949 792 988 837 ex
1015 777 1150 863 propria
1170 784 1298 866 experi-

321 885 430 962 entia,
455 883 572 949 harum
589 882 734 971 partium
752 882 843 945 nullu
864 881 1054 966 imperatori
1073 881 1167 974 desit.
1214 884 1300 953 Geo-

322 995 471 1059 metriam
494 995 682 1080 praesertim
702 1002 735 1057 et
756 990 971 1078 Astrologiain
998 990 1103 1078 probe
1126 994 1231 1073 ruint,
1265 1004 1304 1063 ut

324 1103 408 1168 coeli
435 1100 679 1175 conversiones,
710 1098 808 1162 lunae
840 1098 1073 1183 stellarumque
1102 1102 1300 1185 positiones,

322 1223 434 1301 portes
460 1210 606 1295 denique
631 1209 738 1271 noctis
758 1226 799 1271 ac
828 1207 892 1271 diei
919 1218 1074 1272 accurate
1106 1228 1305 1297 cognoscere

323 1323 423 1409 possit
451 1330 482 1384 et
510 1317 738 1382 ratiocinando
765 1317 966 1405 praedicere.
1012 1316 1059 1381 ot
1087 1319 1149 1401 γάρ
1179 1312 1246 1385 sior
1267 1339 1303 1387 rr

326 1431 383 1493 τοῦ
404 1424 515 1499 τέλους
536 1429 731 1509 τυγχάνειν,
754 1427 795 1505 μὴ
818 1421 854 1486 οὐ
874 1429 928 1504 τῆς
946 1422 1044 1509 ἀρχῆς
1057 1422 1304 1511 aristonicum.

328 1535 404 1617 Quo
428 1534 559 1599 nomine
591 1531 776 1595 laudandus
804 1530 981 1607 Homerus,
1016 1530 1076 1615 qui
1096 1530 1215 1599 horum
1231 1554 1306 1599 orn·

267 1622 280 1643 ⁰
326 1642 419 1707 iiim
438 1638 666 1725 peritissimum
685 1638 829 1723 Ulyssem
847 1636 1039 1722 depinxerit.
1073 1637 1188 1726 seque
1203 1642 1304 1723 ann,

327 1749 354 1811 si
374 1767 414 1812 ex
435 1745 484 1809 liis
505 1765 607 1809 unum
624 1746 761 1831 aliquod
774 1745 942 1832 praelecto
962 1746 1092 1810 militari
1110 1746 1210 1826 desit,
1233 1770 1306 1817 rem

329 1854 414 1918 bene
445 1873 555 1941 gerere
577 1853 645 1917 ullo
667 1853 776 1936 ,modo
799 1854 929 1940 poterit.
974 1852 1074 1919 'lestis
1103 1856 1143 1919 sit
1164 1855 1307 1939 Aratus,

328 1963 388 2049 qui
407 1962 473 2025 suis
490 1961 559 2047 ipse
580 1960 745 2025 erroribus
765 1961 808 2027 sd
829 1960 990 2048 oppidum
1000 1960 1201 2047 Cynaethum
1212 1968 1307 2052 quod

331 2071 436 2136 voluit
458 2090 525 2133 non
554 2079 719 2133 essecutus
746 2078 810 2144 ert,
846 2077 939 2132 testes
969 2088 1069 2155 porro
1098 2068 1305 2155 Cleomenes,

329 2176 500 2262 Philippus
519 2176 695 2262 Niciasque
712 2176 930 2252 Athridensis‚
954 2176 1014 2263 qui
1031 2196 1142 2243 omnes
1161 2182 1309 2269 ipsorum

332 2295 390 2349 eut
407 2284 567 2370 imperitia
591 2294 648 2348 uut
669 2284 865 2372 negligentia
887 2304 943 2370 sps
969 2304 1027 2348 sua
1050 2287 1253 2355 exciderunt.

374 2392 445 2457 Hoc
469 2393 536 2458 lere
556 2393 655 2457 modo
676 2392 822 2479 disputat
842 2392 1012 2479 Polybius,
1043 2416 1082 2459 ac
1105 2399 1231 2487 singula
1251 2422 1310 2466 co·

334 2503 427 2589 piose
459 2504 592 2589 exponit
624 2512 656 2565 et
687 2502 838 2588 exempla
874 2503 972 2567 allata
1002 2504 1158 2581 illustrat,
1194 2505 1252 2569 οὐκ
1273 2509 1312 2572 ἐκ

331 2608 493 2692 παρέργου
518 2612 574 2671 καὶ
597 2606 842 2690 διεῤῥιμμένως,
876 2608 948 2673 ‹itt’
976 2610 1010 2686 ἐξ
1032 2613 1217 2689 ἐπιστάσεως
1243 2615 1310 2703 (l).

332 2715 453 2795 Porro,
477 2738 582 2804 quum
599 2716 742 2805 Philippi
760 2718 804 2782 ud
819 2719 998 2785 lllelitaeain
1017 2743 1105 2788 error
1122 2725 1157 2789 in
1174 2746 1213 2789 eo
1229 2746 1311 2792 con·

335 2830 482 2906 uitiiset,
518 2828 611 2915 quod
631 2829 726 2891 scalis
748 2829 832 2892 iusto
853 2829 1055 2895 brevioribus
1083 2855 1159 2897 usus
1179 2834 1311 2913 luisset,

335 2938 447 3003 oblata
467 2938 528 3002 sibi
548 2938 721 3001 occasione
740 2938 841 3001 utitur
859 2938 1028 3021 Polybius,
1054 2949 1090 3003 ut
1108 2949 1213 3005 totuin
1228 2942 1313 3008 illud

336 3048 499 3111 scolarum
530 3042 839 3109 commetiendarum
861 3044 1027 3129 negotium
1057 3047 1226 3111 enucleate
1256 3072 1315 3115 ex·

338 3152 440 3238 plicet
465 3150 531 3235 (2),
557 3150 643 3213 unde
665 3148 825 3208 discerent
847 3147 922 3209 belli
946 3147 1062 3226 duces,
1087 3154 1256 3236 quomodo
1278 3158 1315 3223 in

339 3257 396 3321 tali
419 3276 518 3319 causa
539 3256 618 3342 ipsis
638 3252 802 3341 agendum
824 3263 913 3319 esset.
960 3255 1240 3344 Quandoquidem·
1255 3281 1315 3328 au-

340 3376 406 3431 tem
431 3375 463 3430 et
490 3365 636 3442 adhoc,
672 3373 704 3428 et
731 3364 774 3429 ad
794 3377 899 3429 castro
917 3368 1089 3446 metanda,
1123 3378 1155 3433 et
1174 3370 1217 3435 ad
1236 3373 1318 3438 ulios

338 3496 389 3543 res
407 3474 523 3541 summi
541 3472 696 3540 momenti
717 3470 917 3537 Geomctiiue
932 3474 1048 3559 peritia
1065 3479 1245 3543 necessario
1262 3500 1316 3545 re-

373 3806 416 3875 (1)
444 3806 485 3859 uti
505 3806 557 3875 ipse
576 3806 624 3857 iiia
643 3806 669 3856 in
689 3822 762 3857 caua
782 3802 859 3871 dicii,
879 3805 896 3857 i.
916 3807 969 3872 ui,
987 3826 1011 3864 ο.
1030 3810 1074 3883 aa.
1106 3796 1127 3863 j

374 3900 417 3969 (2)
445 3897 520 3968 Quod
539 3900 663 3969 pollicitus
682 3908 736 3954 erut
754 3901 820 3967 tv,
839 3902 924 3968 cett,
943 3920 994 3973 quo
1013 3903 1069 3959 looo
1087 3904 1121 3959 de
1134 3903 1247 3965 ldelitust
1266 3924 1315 3983 op·

343 4004 451 4065 pinna
470 3992 569 4063 agebat.
1123 4018 1125 4025 ·
