2867 5017
759 334 820 397 152

306 534 355 597 his
385 528 521 616 Polybio
555 526 804 614 Xenophontem
839 544 973 613 quoque
1015 536 1189 621 anteponi,
1230 553 1288 607 m.

309 649 387 727 pote
416 638 475 725 qui
499 634 664 700 meliorem
688 633 724 699 in
748 632 899 699 historiae
922 636 1096 721 scriptione
1121 644 1206 709 riam
1234 668 1289 715 ω.

311 755 408 809 cutus
432 744 483 807 sit.
596 810 602 821 ‚

351 853 400 915 lle
417 851 493 937 quis
511 857 621 912 autem
639 845 791 922 obiiciat,
815 846 840 909 si
863 846 904 911 de
923 847 988 913 hoc
1008 850 1171 917 scribendi
1188 878 1289 944 gone·

306 988 343 1030 re
363 975 497 1052 agatur,
531 961 638 1025 minus
660 959 757 1045 plene
780 958 822 1023 de
842 960 1060 1047 Xenophonte
1081 986 1175 1050 posse
1199 969 1288 1035 iudi..

308 1074 398 1148 ceri,
421 1070 483 1156 qui
502 1088 612 1145 ugeram
632 1066 800 1131 historiam
829 1068 1046 1153 composuisse
1068 1070 1137 1135 dici
1158 1095 1289 1161 nequo.

311 1189 358 1244 at.
402 1174 569 1241 Anabaun
586 1175 673 1239 enim
691 1194 759 1237 non
781 1174 841 1237 nisi
862 1194 971 1239 rerum
1001 1174 1045 1239 ab
1064 1196 1129 1243 uuo
1156 1179 1291 1249 homine

311 1305 446 1372 unoque
465 1281 608 1347 exercitu
630 1288 792 1366 gestarum
821 1282 1069 1345 commentarios
1089 1286 1285 1372 complecti3

309 1392 477 1458 Hellenica
498 1408 575 1455 vero
595 1407 680 1473 opus
704 1386 770 1449 suis
790 1387 931 1451 numeris
958 1387 1142 1457 absolutum
1171 1396 1285 1483 appel-

310 1503 372 1565 lar'i
395 1520 462 1565 non
484 1520 591 1585 posse,
614 1498 707 1584 quod
729 1498 840 1585 primis
861 1508 986 1563 tantmn
1006 1500 1096 1565 lineis
1113 1504 1152 1567 sit
1170 1504 1290 1570 adum-

310 1608 455 1672 bratum·
508 1607 624 1692 Neque
658 1608 820 1693 igiturex
846 1606 935 1671 bisce
968 1607 1077 1687 libris,
1112 1630 1291 1696 quamnam

311 1716 463 1781 historiae
490 1712 745 1779 conscribendae
772 1714 931 1779 rationem
963 1716 1149 1803 probaverit
1175 1719 1285 1783 Xeno-

311 1823 425 1910 phon,
456 1821 533 1885 satis
552 1828 706 1885 accurate
725 1823 891 1907 cognosci.
935 1822 1116 1887 Fatendum
1137 1833 1202 1903 est,
1226 1846 1284 1889 re·

312 1952 369 1995 rae
394 1929 546 1993 historiae
575 1928 706 1993 titulum
735 1927 824 1992 libris
852 1930 1094 2019 Xenophonteis
1125 1933 1287 2017 aliquate—
1344 1977 1348 1981 -

312 2060 377 2103 nus
400 2058 495 2125 posse
519 2037 688 2124 denegari,
718 2057 828 2123 neque
850 2048 958 2103 tanren
975 2040 1053 2105 hinc
1083 2042 1190 2105 statim
1212 2040 1282 2105 effi·

313 2146 490 2221 ciendum,
521 2164 578 2207 eos
597 2143 716 2220 libros,
746 2164 815 2229 qua
843 2144 940 2209 inerit
961 2146 1124 2212 scribendi
1150 2168 1288 2212 constre-

313 2252 444 2327 tudine,
475 2253 582 2315 minus
609 2251 787 2315 declarare.
832 2252 1051 2340 Nequaquam
1076 2256 1162 2320 enim
1189 2254 1287 2319 dubi·

311 2359 450 2425 tandnm
475 2367 542 2436 est,
578 2359 605 2422 si
640 2359 691 2425 rel
721 2360 905 2434 ,novenam
937 2361 1094 2426 Graeciae
1122 2360 1288 2426 historiam

310 2467 400 2533 omni
421 2486 501 2531 cura
523 2465 690 2529 elaborare
707 2465 892 2550 Xenophon
913 2466 1078 2541 voluisset,
1103 2466 1186 2548 quin
1208 2486 1287 2531 ean-

309 2571 403 2645 dem,
421 2589 523 2652 quarn
538 2569 576 2631 in
591 2568 641 2631 his
658 2570 777 2644 tenuit,
793 2570 828 2633 in
844 2569 901 2635 illo
916 2589 1015 2657 opere
1033 2571 1192 2635 rationem
1207 2571 1287 2639 ltus·

310 2688 357 2743 set
383 2684 564 2741 secuturus.
1225 2737 1230 2747 ,

355 2786 397 2849 Et
421 2781 598 2847 dolendum
616 2800 693 2845 sane
711 2792 778 2859 est,
803 2783 961 2849 eiusnodi
982 2788 1112 2853 maioris
1132 2788 1288 2853 momenti

313 2891 484 2957 consilium
507 2911 527 2954 a
548 2889 767 2976 Xenophonte
788 2912 855 2957 non
876 2893 971 2957 luisse
992 2896 1290 2982 agitetumacper-

313 3001 447 3065 lectum.
494 2998 638 3078 Quodsi
663 2998 810 3075 iecisset,
847 3020 924 3063 cum
943 3000 1014 3085 ipso
1034 3001 1231 3086 Thucydide.
1246 3000 1291 3065 de

313 3108 449 3172 victoria
472 3113 597 3167 certare
614 3103 757 3186 potuisse
779 3102 933 3165 credibile
952 3115 1008 3166 est.
1032 3106 1075 3167 At
1089 3127 1179 3169 nunc
1200 3127 1287 3192 quo·

314 3231 381 3296 que
396 3207 523 3291 scriptis
537 3207 602 3265 suis
623 3206 783 3268 historicis
803 3207 844 3269 de
866 3208 1052 3293 posteritate
1073 3212 1199 3299 egregie
1217 3232 1286 3277 me·

313 3316 400 3392 ruit,
432 3320 464 3376 et
490 3309 626 3397 dignum
648 3312 761 3375 locum
786 3324 930 3400 occupat
952 3314 986 3379 in
1006 3317 1071 3382 hoc
1089 3317 1286 3383 nobilissimo

314 3419 541 3493 triumviratu,
573 3416 633 3504 qui
651 3426 741 3482 tanto
763 3418 929 3485 historiam
948 3422 1120 3508 splendore
1137 3429 1284 3503 ornarit,

316 3538 460 3617 quantus
483 3536 596 3613 postea
615 3545 678 3589 nec
705 3527 845 3603 servari,
877 3548 939 3593 nec
961 3530 1011 3595 vel
1034 3531 1075 3597 ab
1097 3536 1168 3621 ipso
1188 3534 1287 3619 Poly·

316 3640 393 3717 bio,
429 3648 466 3701 ut
497 3646 534 3701 ut
565 3636 675 3701 multis
696 3638 881 3703 nominibus
907 3642 1078 3725 praeclaro
1108 3642 1286 3727 scriptore,

318 3747 488 3811 instaurari
508 3748 625 3829 poluit.
