2867 5017
766 393 827 457 112

322 594 366 659 ad
393 590 544 657 historiae
572 586 709 649 formam
742 586 903 671 pertinere
934 585 1089 653 credibile
1119 602 1183 669 cst,
1223 596 1298 659 satis

322 711 432 766 tamen
455 717 495 761 cx
526 693 577 757 his
599 689 750 757 omuibus
782 691 907 776 liquere
939 692 1097 773 arbitror,
1130 716 1203 776 eos,
1240 700 1299 785 qui

321 806 489 871 rhetorum
510 804 572 867 arti
590 801 736 887 diligenti
756 800 864 865 studio
882 822 1016 887 operam
1035 818 1219 884 anienem,
1244 809 1296 873 vix

322 913 481 979 abstinere
501 912 643 997 potuisse
662 910 746 994 quin
763 930 834 972 eam
853 909 897 973 ad
917 930 1027 973 omnes
1045 909 1203 976 librorum
1220 936 1298 1001 par-

324 1028 370 1084 tes
398 1016 602 1081 adhiberent.
643 1015 856 1103 Quapropter
881 1016 927 1079 sic
955 1017 1164 1082 statuendmn
1191 1032 1295 1107 puto,

322 1136 499 1210 utrumque
537 1132 705 1187 auctorem
736 1123 800 1186 suis
832 1124 929 1187 etiam
961 1123 1234 1210 disputationibus
1263 1130 1298 1194 in

321 1232 455 1297 historia
476 1231 587 1295 locum
609 1231 817 1308 concessisse,
851 1230 994 1315 ideoque
1014 1231 1177 1297 scribendi
1196 1236 1297 1313 ratio-

324 1360 400 1405 nem
428 1360 448 1403 a
469 1338 675 1425 Theopompi
703 1347 736 1402 et
757 1337 880 1423 Ephori
901 1338 1027 1402 ratione
1048 1338 1139 1404 haud
1159 1341 1226 1405 lere
1246 1341 1297 1405 di-

324 1466 449 1512 versam
469 1444 565 1508 inisse
584 1454 724 1509 secutos.

365 1554 521 1621 Venimus
531 1550 576 1617 ad
582 1552 749 1617 Timaeum
756 1553 1072 1631 Tauromenitanum,
1085 1554 1188 1635 illum,
1199 1578 1300 1644 quem

324 1681 424 1747 supra
441 1660 579 1724 vidimus
597 1679 616 1722 a
631 1659 768 1745 Polybio
786 1660 1059 1726 vehementissime
1076 1661 1296 1751 obiurgatum.

326 1770 402 1851 Quo
430 1770 506 1833 loco
526 1770 592 1833 iam
620 1772 695 1834 satis
721 1772 892 1858 apparuit,
925 1774 1065 1858 plurima
1084 1771 1176 1834 illum
1197 1771 1300 1835 histo-

326 1877 394 1941 riae
422 1897 499 1940 suae
520 1879 745 1957 immiscuisse,
776 1900 864 1964 quae
885 1901 905 1943 a
926 1880 1093 1967 proposita
1113 1880 1300 1943 narratione

328 1994 431 2049 essent
452 1986 568 2052 aliena.
613 1989 681 2052 Nec
705 1988 799 2052 aliter
820 1988 886 2050 lere
909 1988 1088 2074 exspectari
1109 1996 1235 2072 poterut
1257 1986 1300 2051 ab

329 2112 370 2156 eo
395 2092 545 2171 homine,
579 2096 672 2158 ouius
696 2096 731 2158 in
756 2096 942 2181 eloquentia
963 2095 1147 2160 laudesvel
1169 2094 1302 2180 abipso

330 2200 487 2264 Cicerone
508 2200 713 2266 celebrentur
738 2198 806 2286 (l),
832 2202 958 2287 quique
980 2221 1018 2263 ea
1036 2202 1156 2265 viveret
1179 2210 1300 2278 aetate,

330 2328 436 2393 quum
460 2305 615 2370 effrenata
636 2305 843 2370 declamandi
863 2306 995 2371 licentia
1016 2308 1173 2370 sinceram
1202 2308 1302 2371 histo-

331 2416 399 2479 riae
424 2415 662 2502 simplieitatem
682 2415 875 2480 iamdudum
899 2415 1101 2497 corrupisset.
1144 2416 1219 2499 Ipse
1240 2418 1304 2481 Po-

333 2513 441 2608 lpbius
468 2520 580 2600 λόγους
608 2523 676 2585 eius
704 2519 897 2592 draiodrnodc
925 2520 1042 2582 diserte
1063 2522 1208 2605 appellat
1233 2521 1306 2609 (2),

331 2629 437 2713 iisque
461 2626 639 2689 admodum
660 2626 815 2712 frequens
837 2626 898 2690 luit
919 2626 1067 2691 Timaeus
1088 2638 1119 2691 et
1140 2630 1304 2715 prolixus,

327 2732 494 2823 'siquidem
524 2756 586 2813 ea,
621 2758 724 2824 quam
752 2738 953 2825 composuit,
988 2758 1097 2802 rerum
1121 2736 1307 2801 Sicularum

333 2848 494 2912 enarratio
509 2847 544 2910 in
555 2846 718 2932 ingentem
735 2846 892 2912 librorum
902 2870 1073 2913 numerum
1088 2846 1228 2912 excrevit
1242 2845 1304 2933 (3).

333 2953 383 3018 Ac
410 2954 561 3021 videntur
593 2952 656 3017 hae
688 2954 897 3041 digressiones
928 2950 1033 3017 minus
1063 2952 1107 3015 ad
1137 2973 1307 3018 causarum

336 3062 602 3149 explicationem,
624 3058 785 3144 quemad
808 3060 950 3123 auctoris
969 3058 1128 3121 iudicium
1143 3058 1213 3122 fuse
1235 3058 1310 3123 ubi·

327 3214 539 3233 m*-

368 3283 411 3352 (1)
439 3283 481 3335 De
503 3282 578 3336 Orat.
596 3281 615 3335 l.
630 3283 672 3349 11,
690 3300 713 3335 c.
731 3283 782 3335 ll:
812 3282 968 3353 rumaren,
987 3286 1237 3357 prantmiudioare
1252 3302 1308 3359 pot·

341 3395 360 3429 r
368 3393 438 3444 som,
451 3377 525 3449 louge
536 3375 729 3444 eruditissimas,
743 3384 769 3429 et
781 3394 865 3430 renim
878 3379 950 3450 copia
964 3388 990 3431 et
1000 3382 1177 3435 sententiarum
1190 3381 1309 3433 varietate

344 3468 609 3546 »monantulam
633 3473 730 3543 etipsa
749 3473 928 3542 compositione
946 3474 1079 3527 verborum
1098 3490 1148 3526 non
1167 3472 1308 3541 impolitus,

343 3582 487 3634 »magum
502 3567 671 3638 eloquentiam
686 3564 721 3619 ad
736 3564 896 3617 scribendum
912 3565 1026 3620 attulit”
1044 3568 1080 3619 cf.
1095 3567 1171 3619 etlam
1187 3565 1213 3615 in
1227 3564 1308 3617 amr.

344 3679 369 3715 c.
383 3662 428 3714 95.
446 3696 479 3707 -
496 3661 592 3713 'limaci
611 3660 751 3728 fragmenta
767 3656 865 3723 edidit,
883 3655 965 3727 deque
984 3656 1091 3709 auctoris
1105 3656 1157 3707 vita
1172 3658 1199 3706 ct
1213 3654 1310 3727 acripfis

345 3753 469 3824 praelatus
491 3762 530 3805 est
547 3753 690 3818 Goellenrs,
714 3750 749 3805 de
770 3751 829 3803 sitas
854 3760 882 3801 et
903 3750 973 3822 orig.
997 3749 1094 3822 Syroc.
1113 3768 1138 3821 p
1155 3750 1209 3801 179
1228 3768 1283 3820 sqq.

372 3846 414 3916 (2)
441 3845 512 3897 Ebc.
531 3846 618 3899 Votic.
636 3865 661 3915 p.
681 3848 725 3900 tt.
1347 3836 1349 3842 ¹

372 3941 416 4011 (3)
442 3941 564 3993 llumenu
590 3955 677 3991 eorum
702 3948 772 3993 certo
793 3939 891 3993 definiri
919 3938 1013 4009 nequit.
1050 3942 1084 3995 At
1108 3940 1190 4013 plures
1213 3939 1311 3994 furans

277 4090 281 4096 ,
345 4052 421 4104 quam
438 4032 609 4105 quadraginta.
637 4032 674 4083 ef.
691 4032 819 4088 Goelleuu
835 4028 851 4084 l.
872 4032 890 4087 l.
908 4051 932 4103 p.
953 4034 1016 4085 183.
