2867 5017
557 398 619 463 itte

107 602 235 687 eulpam
257 593 349 684 apud
367 601 490 686 veteres
512 594 707 657 contraxisse
729 590 987 681 Theopompum.
1022 590 1077 661 ln·

108 719 152 772 ter
171 726 258 793 quos
285 698 558 769 rehmnentissime
585 699 621 763 in
642 718 717 763 eum
745 700 891 765 invectus
915 711 963 767 est
982 700 1079 787 Poly-

107 814 189 891 hius,
226 833 266 875 er
287 806 522 884 manseritis,
548 828 635 893 quae
657 829 697 871 eo
718 808 793 872 looo
815 808 925 885 retuli,
951 809 1080 895 aliqua·

109 932 199 985 tenus
227 919 326 981 etiam
354 916 396 979 de
416 898 672 981 eius'serihendi
694 916 820 981 ratione
846 918 942 981 statui
960 926 1077 1003 potest.

108 1030 145 1093 lit
174 1026 242 1093 hoo
275 1024 454 1111 asperitatis
485 1024 619 1087 crimine
655 1024 701 1087 ita
734 1023 776 1088 ab
814 1024 883 1087 aliis
913 1024 1081 1110 permultis

108 1143 236 1198 notatus
264 1140 328 1208 est,
361 1118 398 1193 nt
426 1127 673 1210 δυσμενέστατος
698 1128 768 1217 (l),
801 1138 858 1194 aut
887 1130 997 1213 πατρὸς
1025 1128 1081 1193 sal

111 1246 273 1322 κακοήθης
294 1237 343 1326 (2)
373 1240 611 1327 appellaretur,
642 1249 674 1303 et
696 1261 716 1304 a
738 1240 885 1304 Luoiano
907 1237 1083 1327 reprehen-

109 1350 240 1413 deretur
260 1348 311 1411 his
337 1347 461 1414 verbis:
492 1350 547 1410 stol
569 1350 628 1427 τὴν
651 1346 752 1427 αὐτὴν
775 1342 952 1429 Θεοπόμπῳ
975 1346 1085 1409 αἰτίαν

107 1454 206 1535 ἕξεις,
234 1450 521 1538 φιλαπεχθημόνως
552 1454 783 1536 κατηγοροῦντι
810 1454 876 1517 τῶν
907 1448 1082 1530 πλείστων,

107 1565 162 1626 οιαὶ
186 1560 355 1644 διατριβὴν
374 1557 556 1641 ποιουμένῳ
580 1559 680 1645 [περὶ]
707 1560 742 1623 τὸ
763 1564 911 1643 πρᾶγμα,
940 1558 983 1632 ὥς
1005 1580 1083 1621 τιατ·

23 1687 24 1690 ’
106 1673 232 1751 proprie
257 1664 380 1749 μᾶλλον
400 1671 423 1748 ἤ
440 1666 573 1754 fovearis·
591 1670 632 1730 τοὶ
658 1666 868 1750 πεπραγμένα
893 1664 954 1753 (Β)
988 1664 1080 1746 Quae

107 1776 236 1854 omnia,
268 1776 327 1839 etsi
347 1776 480 1839 fortasse
500 1775 645 1861 iniquius
664 1774 773 1851 diota,
797 1774 873 1838 satis
894 1784 1002 1839 tamen
1024 1773 1082 1837 de-

23 1875 24 1966 f
107 1882 254 1960 clarant,
282 1884 533 1969 Theopompum
562 1904 582 1945 a
609 1883 714 1945 sobria
746 1892 890 1945 veterum
912 1882 1083 1947 historico-

105 2012 184 2053 rum
208 1989 337 2051 ratione
364 1988 460 2075 longe
485 1988 667 2065 deflexisse,
700 2008 827 2073 suoque
856 1989 985 2076 ingenio
1006 1990 1089 2055 inter

105 2095 322 2161 scribendum
342 2095 432 2159 haud
449 2096 562 2161 leviter
582 2096 759 2161 indulsisse.

148 2202 403 2290 condiscipulus
423 2204 625 2292 Theopompi
647 2205 708 2269 luit
730 2204 880 2291 Ephorus
903 2206 1082 2288 Cumanus,

107 2322 139 2375 et
166 2312 238 2397 ipse
267 2312 375 2375 clarus
399 2313 554 2400 scriptor,
587 2314 644 2399 qui
673 2313 857 2391 historiam,
887 2315 1019 2401 triginta
1044 2316 1084 2379 ti-

107 2418 178 2483 hris
199 2420 481 2506 comprehensam,
512 2442 531 2484 a
559 2423 666 2485 reditu
687 2421 935 2485 Heraclidamm
961 2422 1005 2486 ad
1023 2424 1084 2487 Pe·

109 2526 213 2591 rinthi
242 2531 520 2616 oppugnationem
549 2528 702 2615 perduxit
739 2528 801 2615 (l).
849 2530 946 2593 Hune
978 2541 1086 2596 autern

111 2635 270 2712 eandem,
302 2656 342 2699 ao
370 2636 639 2723 Theopompum,
670 2636 831 2700 scribendi
857 2640 1015 2702 rationem
1035 2649 1084 2702 te·

109 2745 233 2821 unisse,
258 2742 381 2807 etiamsi
401 2742 533 2806 aliunde
553 2762 620 2805 nou
642 2752 822 2819 constaret,
846 2742 911 2807 hoe
932 2746 1015 2808 loret
1036 2747 1086 2809 in-

111 2853 238 2917 dicium
258 2851 334 2914 satis
348 2849 567 2926 manifestum,
592 2849 686 2934 quod
703 2849 772 2934 ipse
791 2849 984 2935 singularem
1006 2870 1086 2915 con-

111 2960 241 3048 seripsit
266 2958 309 3023 de
335 2955 467 3022 dicendi
492 2966 560 3019 arte
584 2945 703 3020 librum
729 2955 798 3044 (5),
831 2977 870 3020 ex
892 2978 960 3042 quo
982 2958 1087 3023 eonfi-

114 3087 188 3131 eere
216 3065 313 3143 lieet,
339 3074 545 3153 quantopere
573 3072 605 3126 et
637 3063 692 3127 hio
722 3065 865 3151 magistri
893 3066 942 3129 sui
961 3066 1089 3131 iustitu-

115 3176 205 3241 tione
236 3183 317 3239 osset
348 3171 504 3235 imbutus.
545 3167 610 3232 Sed
637 3169 756 3234 adsunt
779 3182 948 3259 praeterea
969 3172 1087 3239 diserta

23 3269 24 3334 i
115 3291 265 3347 veterum
293 3277 473 3357 testimonia
501 3277 543 3341 de
572 3277 760 3342 excursibus
788 3279 956 3345 rhetoricis
980 3282 1015 3345 in
1036 3282 1088 3347 hi·

113 3386 219 3451 storia
249 3384 373 3471 Ephori
396 3384 508 3473 obviis
550 3383 655 3449 hsttlr
675 3386 822 3451 omnium
852 3388 891 3451 sit
915 3388 1084 3476 Polybius,

23 3553 24 3586 ¹
142 3593 188 3661 (1)
214 3590 604 3661 humaaa‚v1‚p.2ottt

135 3686 187 3755 (2)
214 3683 303 3738 Suidas
321 3684 348 3735 in
366 3700 391 3736 v.
414 3687 539 3759 Ἔφορος.

145 3778 188 3847 (3)
217 3775 354 3848 Quomodo
374 3774 440 3831 laist.
469 3776 605 3829 οοιιοοιϋ.
624 3776 681 3844 sit,
701 3796 724 3832 c.
741 3780 785 3832 59.

148 3870 191 3941 (l)
218 3870 256 3921 lle
274 3870 368 3942 Ephori
384 3870 435 3921 vita
453 3878 480 3921 el
498 3870 645 3940 scriptitas.
663 3873 739 3926 lleier
757 3876 862 3928 llarxius
880 3877 906 3928 iu
927 3882 1084 3929 commenta-

23 4035 24 4040 *
119 3963 187 4016 tione
205 3980 281 4034 quam
305 3964 450 4033 fragmentis
464 3962 578 4034 Ephori,
602 3982 617 4017 a
636 3982 663 4018 se
682 3966 771 4035 oditis,
789 3971 923 4040 praemisit.

23 4057 24 4060 ’
142 4060 187 4129 Ι(5)
218 4058 291 4126 Περὶ
314 4056 415 4116 λέξεως.
455 4059 492 4110 lle
509 4075 560 4128 quo
579 4057 644 4110 libro
660 4060 693 4112 el.
711 4062 786 4114 lloier
805 4064 909 4116 ldarrius
925 4062 940 4113 Ι.
961 4060 978 4114 Ι.
996 4077 1020 4129 p.
1040 4060 1084 4110 33.
