2867 5017
767 398 828 461 148

314 615 402 681 (puae
430 593 482 654 vix
510 587 673 661 sinebant,
704 600 738 652 ut
772 592 805 653 in
831 592 925 653 lactis
954 592 1113 660 historicis
1134 612 1289 667 accurate

313 688 553 787 perscrutandis
588 697 727 759 sollicita
765 717 865 783 opera
899 709 1093 785 poneretur3
1136 705 1288 794 Polybius

312 818 431 871 eontra
452 807 486 869 in
503 803 610 867 media
631 804 854 869 doctrinarum
873 806 947 869 luce
963 806 1121 889 florebat,
1146 834 1288 902 cumque

314 936 376 990 ea,
414 932 501 998 quae
531 921 624 975 antea
656 913 784 999 ingenio
813 920 939 976 tantum
970 924 1003 978 et
1032 927 1101 981 arte
1130 922 1289 985 contineri

314 1021 588 1095 existimarentur,
629 1018 673 1083 ad
702 1038 827 1084 severas
853 1018 1004 1083 scientiae
1035 1023 1122 1109 leges
1159 1029 1289 1093 traduci

315 1138 434 1215 ooepta
452 1138 565 1191 essent.
589 1126 664 1208 Quo
682 1127 807 1193 factum
824 1134 889 1203 est,
911 1136 964 1205 ut,
985 1150 1089 1215 mann
1107 1134 1188 1199 alter
1205 1158 1287 1223 poe.

315 1237 380 1299 tice
409 1236 477 1298 lere
502 1235 537 1298 in
561 1233 694 1300 historia
722 1234 949 1323 componenda
978 1246 1174 1317 versaretur,
1207 1242 1290 1306 alter

318 1341 435 1406 eruditi
459 1352 492 1405 et
516 1342 704 1431 philosophi
733 1364 851 1409 munus
870 1344 1057 1432 susciperet.
1096 1348 1136 1413 Et
1156 1359 1289 1415 eatenus

317 1450 452 1538 quidem
479 1459 568 1514 recte
595 1453 755 1539 suscepit,
788 1461 951 1538 quatenus
971 1455 1018 1519 sic
1039 1455 1084 1519 ad
1104 1456 1289 1522 interiorem

314 1581 425 1625 rerum
449 1558 725 1646 investigationem
742 1558 940 1645 procedens,
973 1559 1124 1627 historiae
1145 1565 1290 1629 auctori·

315 1678 416 1732 tatem
435 1668 549 1731 melius
568 1676 675 1751 posset
695 1668 789 1731 tueri.
823 1666 889 1731 Sed
907 1668 972 1732 hac
993 1671 1061 1756 ipsa
1084 1670 1119 1733 in
1139 1690 1174 1733 re
1190 1670 1290 1735 iustos

315 1775 397 1839 fines
412 1773 561 1860 migravit
571 1774 741 1860 Polybius,
761 1796 898 1864 eamque
917 1776 1104 1843 indrutriam
1122 1777 1287 1855 criticam,

317 1901 404 1968 quae
432 1881 468 1943 in
494 1880 660 1945 Herodoto
690 1884 794 1948 maior
822 1904 888 1949 esse
915 1895 1083 1973 potuerat,
1113 1884 1166 1948 ille
1188 1904 1289 1971 supra

315 1988 451 2053 modum
470 1991 595 2053 extulit.
617 1991 709 2055 Patet
727 1993 839 2080 itaque
852 1994 887 2057 in
905 1994 1075 2081 utriusque
1095 1992 1218 2057 rationo
1235 1992 1287 2057 in·

316 2116 397 2173 esse,
417 2094 509 2181 quod
529 2097 644 2161 merito
662 2099 880 2186 vituperetur:
904 2100 938 2165 in
958 2101 1014 2165 illa
1034 2098 1288 2188 philosophandi

316 2202 476 2279 studium,
507 2201 550 2267 ab
578 2205 732 2272 historico
765 2209 925 2289 alienum3
956 2211 991 2275 in
1022 2210 1087 2275 hac
1118 2218 1289 2297 poetarum

316 2332 459 2390 morem,
490 2314 572 2398 qui,
605 2324 641 2379 ut
662 2316 801 2403 pulcher
825 2318 865 2382 sit
885 2327 917 2383 et
939 2329 1111 2395 venustus,
1139 2317 1291 2381 historiae

320 2435 429 2487 tamen
447 2420 596 2509 dignitati
617 2423 723 2488 minus
741 2426 922 2491 conveniat.
958 2424 1022 2489 Sed
1044 2444 1148 2509 quum
1168 2444 1207 2488 ex
1226 2424 1295 2487 sola

321 2534 390 2598 lere
411 2530 539 2605 aetatis,
564 2550 651 2613 quae
669 2532 829 2615 cuiusque
847 2531 925 2606 fuit,
950 2528 1060 2592 indole
1078 2538 1218 2613 utraque
1238 2548 1292 2590 ra·

320 2641 367 2701 tio
393 2636 539 2712 fluxerit,
574 2636 638 2700 hoc
660 2639 754 2703 simul
781 2628 946 2726 apparet,
971 2638 1105 2725 culpam
1129 2632 1220 2697 illam
1249 2632 1292 2696 ab

317 2745 396 2833 ipsis
417 2742 603 2809 auctoribus
622 2745 795 2810 maximam
814 2755 941 2832 partem
961 2746 995 2809 in
1011 2754 1193 2830 temporum
1211 2762 1292 2807 oon·

317 2854 476 2917 ditionem
497 2873 563 2916 esse
583 2855 848 2919 transferendam.
871 2852 1048 2934 ¹Quoniam
1066 2862 1174 2917 tamen
1191 2851 1293 2914 llero-

319 2961 389 3024 doti
411 2970 499 3024 aetas
518 2961 628 3025 nativo
648 2960 861 3048 simplicitatis
881 2959 1026 3023 caudore
1045 2959 1141 3046 plene
1161 2956 1292 3021 frueba-

319 3065 391 3145 tur,
420 3088 526 3167 eaque
554 3068 742 3153 simplicitas
761 3066 887 3151 Polybii
909 3077 1055 3151 ternpore
1077 3076 1204 3130 tantum
1225 3085 1292 3129 non

320 3178 419 3261 plane
446 3167 627 3233 interierat}
658 3164 767 3255 potior
795 3172 954 3231 hactenus
975 3170 1106 3231 fortuna
1127 3169 1293 3233 llerodoto

321 3277 478 3364 contigit,
510 3292 587 3336 nam
607 3272 641 3335 in
667 3272 873 3359 simplicitate
895 3293 961 3335 una
983 3273 1018 3335 in
1037 3274 1162 3359 paucis
1178 3274 1293 3339 exhuia

320 3389 426 3477 posita
448 3395 494 3449 est
514 3382 665 3447 historiae
686 3382 936 3447 commendatio.
1280 3388 1282 3393 ’

366 3495 490 3579 Quodsi
509 3503 616 3556 autem
635 3494 698 3568 ita,
723 3503 759 3555 ut
775 3491 860 3569 dixi,
886 3490 928 3555 ab
948 3489 1114 3555 Herodoto
1124 3499 1293 3577 superatus

326 3610 388 3674 tuit
413 3602 584 3690 Polybius,
620 3602 684 3665 alia
705 3612 813 3666 tamen
833 3622 872 3665 ex
893 3611 987 3688 parte
1006 3618 1210 3663 communem
1233 3596 1293 3662 ha-

325 3716 423 3789 bent,
456 3701 600 3796 eumque
625 3712 799 3798 insignem,
834 3708 941 3772 laudis
966 3706 1115 3771 titulum'
1150 3704 1294 3791 Uterque

325 3818 411 3884 enim
431 3818 581 3879 historiae
599 3815 847 3903 componendae
867 3814 994 3902 genus,
1012 3811 1105 3899 quod
1125 3832 1192 3875 suo
1213 3822 1294 3878 tem-

326 3946 406 4015 pore
426 3922 568 4010 vigebat,
593 3944 651 3988 sua
671 3924 832 3989 scribendi
853 3923 978 3986 ratione
998 3917 1188 3983 emendavit.
1213 3918 1295 3983 Nam

327 4033 420 4099 sicuti
441 4042 535 4117 pater
561 4031 615 4094 ille
642 4032 813 4107 historiae,
850 4030 923 4095 exili
946 4030 1109 4094 annalium
1131 4028 1295 4091 ieiunitate
