2867 5017
789 344 850 407 tao

376 538 442 603 sed
461 537 644 601 accuratius
663 536 833 619 aliquanto
852 534 1085 621 explicandum
1104 546 1163 612 est,
1188 540 1314 625 quibus

336 648 530 735 argumentis
557 642 661 707 hocce
682 644 718 705 in
739 640 871 705 historia
892 640 1148 727 philosophandi
1168 645 1315 719 studium

335 756 467 821 delendi
487 754 606 827 soleat,
631 749 782 836 quidque
799 747 842 813 ad
862 768 975 814 eornm
995 749 1222 819 refutationem
1242 754 1313 819 dici

334 883 426 951 posse
446 863 606 930 videatur.

376 974 484 1037 Unum
502 978 568 1044 est,
598 966 730 1050 dequo
752 986 863 1029 omnes
885 966 1110 1045 consentiunt,
1145 964 1313 1030 historiam

334 1082 381 1145 ita
407 1100 473 1143 eoae
502 1072 790 1149 conscribendam,
827 1082 863 1137 ut
892 1072 935 1137 ad
962 1072 1141 1157 sapientiae
1168 1072 1313 1145 studium

337 1185 665 1269 exercitationemque
695 1182 864 1249 referatur.
910 1182 1011 1258 Num,
1025 1244 1029 1263 Ι
1043 1183 1105 1250 niu
1124 1182 1312 1269 suppeditet

337 1292 569 1359 institutionem
598 1285 748 1354 omnibus
772 1288 858 1357 ,vitae
879 1286 1027 1373 partibus
1048 1287 1309 1366 saluberrimam,

338 1398 420 1481 quid
448 1399 538 1462 iuvat
566 1407 710 1461 vetustae
742 1397 914 1463 memoriae
943 1396 1158 1461 iantauratio?
1174 1396 1312 1484 Sponte

338 1507 437 1591 igitur
467 1516 605 1591 apparet
633 1505 843 1581 historicum,
878 1505 937 1591 qui
969 1526 1041 1569 eam
1066 1504 1119 1570 in.
1138 1503 1313 1568 scribendo

338 1623 466 1698 partem
492 1615 591 1698 plana
619 1614 778 1700 negligat,
811 1613 1001 1701 grovilla,
1035 1632 1136 1697 quam
1154 1612 1310 1689 sustinet,

339 1699 478 1806 persona
494 1720 624 1784 minime
643 1740 709 1783 esse
731 1719 875 1804 dignum.
907 1718 1071 1803 Sedquia
1091 1718 1217 1805 duplici
1237 1741 1313 1784 rur·
1363 1797 1367 1802 .

339 1847 393 1889 sus
422 1828 474 1891 ria
506 1827 573 1891 lruc
605 1827 767 1913 perveniri
787 1838 913 1914 potest,
946 1827 1092 1912 quaestio
1119 1828 1250 1893 nonde
1271 1849 1313 1895 eo

337 1936 496 2021 agitatur,
521 1946 630 1999 utrum
648 1935 766 2001 harum
788 1956 886 2005 unam
909 1933 1185 2010 alteranrc,..aed
1206 1945 1315 2002 utram
1389 1954 1395 1965 “

339 2040 465 2126 ingredi
486 2040 602 2107 debeat
624 2043 772 2129 scriptor.
813 2042 895 2107 Nam
920 2052 952 2105 ct
981 2042 1099 2108 diserta
1120 2041 1220 2128 ipsius
1245 2042 1312 2107 dis-

338 2148 509 2233 putatione
536 2149 661 2234 singula
685 2150 807 2215 censeri
834 2149 1074 2234 diiudicarique
1098 2158 1248 2235 possiunt,
1280 2158 1314 2213 et

340 2262 446 2337 potest
464 2255 560 2319 etiam
577 2255 669 2320 nuda
686 2258 830 2325 narratio
849 2256 894 2319 ita
913 2255 1034 2319 institui
1052 2276 1092 2319 ac
1107 2256 1313 2351 conclamari,

339 2367 375 2420 ut
396 2358 468 2443 ipsa
488 2380 548 2446 per
564 2382 624 2436 se,¹
640 2363 691 2425 rel
711 2382 779 2428 non
799 2371 950 2427 monente
965 2362 1136 2445 scriptore,
1164 2372 1220 2433 aut
1242 2362 1314 2425 lau·

340 2465 471 2531 detaut
492 2468 663 2552 vituperet.
696 2468 844 2546 Quorum
864 2466 955 2549 prius
977 2484 1053 2528 cum
1073 2467 1240 2547 postulant
1261 2487 1317 2528 ra-

325 2574 435 2637 tionis
462 2574 682 2662 pragmaticae
704 2581 980 2657 propugnatores,
1013 2568 1095 2641 illud
1119 2578 1227 2643 tamen
1247 2579 1315 2635 sta-

339 2679 396 2741 tim
412 2677 626 2754 confitentur,
650 2698 718 2742 non
737 2677 802 2741 hoo
820 2676 989 2741 iudicandi
1004 2698 1121 2749 munus
1140 2696 1244 2763 aeque
1262 2700 1315 2741 re·

339 2788 428 2873 quiri
446 2808 487 2850 ac
508 2808 680 2853 causarum
702 2795 943 2872 eventuumque
959 2786 1202 2871 expositionem.
1234 2783 1317 2849 Cum

337 2896 427 2965 enim
455 2916 564 2967 rerum
594 2913 715 2958 causae
742 2913 781 2957 ac
803 2893 966 2979 principia
987 2892 1055 2957 eius
1074 2892 1228 2965 momenti
1249 2911 1316 2977 esse

343 3003 483 3078 soleant,
502 3012 553 3077 ,ut
578 3002 645 3065 sine
667 3020 780 3065 eorum
801 3000 917 3062 notitia
941 3019 983 3061 ne
1004 3000 1093 3082 ipsae
1114 2996 1249 3081 quidem
1268 3016 1319 3061 res

341 3108 476 3189 intelligi
501 3109 642 3188 possint,
670 3106 763 3175 ¹idem
790 3106 824 3176 in
840 3102 967 3179 ¹iudicii
997 3102 1217 3175 declaratione
1247 3124 1316 3167 non

339 3210 462 3284 valere,
488 3210 618 3293 quaesi
641 3208 685 3271 ad
702 3206 930 3272 illustrandum
948 3206 1076 3292 aliquid
1097 3206 1225 3287 afferat,
1249 3229 1317 3273 non

343 3324 453 3385 tamen·
482 3317 526 3383 ad
564 3337 673 3382 rerum
707 3316 874 3383 scientiam
906 3317 1086 3381 necessario
1118 3316 1314 3402 requiratur.

342 3423 482 3509 »Neque
497 3434 623 3501 tamen,
642 3424 736 3510 quod
753 3425 822 3499 iure
841 3424 924 3509 exigi
944 3444 963 3485 a
982 3424 1140 3509 scriptore
1156 3444 1223 3488 non
1237 3444 1327 3509 posr

345 3532 426 3607 nsit,
456 3533 490 3595 id
511 3532 666 3600 continuo
692 3531 738 3592 ita
761 3548 827 3591 esse
850 3528 890 3591 ab
913 3531 980 3593 eius
997 3551 1136 3615 persona
1157 3530 1312 3605 alienum,

343 3649 404 3699 »ut
424 3647 540 3722 peccet
562 3638 587 3699 si
607 3637 706 3699 iaciat
732 3631 780 3721 (l)
796 3635 826 3710 ‚’'
856 3656 931 3697 cum
952 3638 1139 3721 praesertim
1160 3656 1198 3699 ex
1219 3656 1257 3698 ea
1280 3656 1315 3697 rc

334 3836 551 3854 m

373 3967 415 4039 (1)
443 3965 525 4022 Verba
544 3966 644 4035 Borgcri
666 3967 681 4016 Ι.
699 3965 715 4017 Ι.
736 3981 759 4033 p.
777 3967 820 4017 50.
