2867 5017
589 359 632 422 25

137 553 299 638 Philippo,
324 546 535 612 Macedoniae
552 567 643 634 rege,
669 556 783 610 eontra
793 547 925 612 Aetolos
941 571 983 614 ae
998 551 1097 614 Lace·

135 659 314 724 daemomos
329 655 428 742 gesti,
458 653 628 739 diligenter
643 651 906 739 traduntur·(l);
927 655 988 732 its,
1013 655 1101 720 unde
1181 694 1185 701 ·

134 765 302 851 Byzantios
320 765 403 826 iuter
430 773 462 826 et
490 761 641 827 Rhodios
668 771 741 824 orta
773 759 933 824 discordis
953 763 994 825 sit
1024 762 1098 849 (2),

133 871 207 956 quid
238 871 419 935 Romanos
438 871 648 934 commoverit
664 868 725 931 ·ad
757 889 847 932 anna
881 865 1001 932 Aetolis
1024 868 1098 955 (8),

133 977 301 1064 rursusque
332 977 486 1040 Dalmatis
520 977 569 1065 (4)
606 977 795 1052 inserenda,
833 984 1021 1052 enarratur3
1053 977 1099 1038 its

132 1085 265 1147 militum
284 1087 557 1148 mercenariorum
582 1104 601 1146 a
623 1079 940 1166 Carthaginiensibus
955 1077 1102 1142 deiectus

25 1259 26 1278 ,
131 1189 467 1276 vehementissimeque
499 1190 612 1253 seditio
637 1209 808 1252 causarum
833 1186 1014 1252 rationibus
1042 1207 1099 1249 ex·

25 1281 26 1314 ³
130 1295 280 1382 planatus·
302 1295 374 1383 (ὅ),
399 1308 431 1360 et
453 1307 574 1362 cuncta
595 1299 727 1361 omnino
746 1296 852 1372 bella,
888 1314 976 1380 quae
992 1291 1099 1379 operis

130 1400 294 1486 Polyhisni
328 1391 466 1465 ambitus
497 1402 741 1488 amplectitur,
776 1421 816 1464 ex
853 1419 914 1463 suo
939 1400 1098 1484 quodque

130 1508 212 1571 lente
225 1508 325 1571 simili
344 1510 469 1573 ratione
480 1510 677 1576 derivantur.
710 1509 777 1572 Sed
795 1509 890 1572 misso
908 1508 974 1570 hoe
992 1525 1099 1570 mmo·

25 1689 26 1698 ,
129 1639 196 1682 rum
216 1621 372 1706 strepitu,
398 1621 457 1706 qui
479 1618 791 1705 ubiqueinhistoria
808 1625 951 1690 resonat,
976 1614 1099 1677 dealiis

127 1726 218 1790 rebus
237 1727 353 1791 diversi
372 1729 552 1814 argumenti
570 1726 745 1790 videamus.
768 1721 895 1807 Polybii
914 1720 1098 1784 enimcum

127 1842 188 1895 tam
209 1835 277 1896 late
300 1834 342 1896 ad
364 1835 472 1896 omnia
493 1834 652 1918 pertinet,
678 1841 714 1894 ut
732 1829 1097 1893 nullamiereremuar·

124 1938 261 2002 rendam
284 1941 459 2025 suscipiat,
495 1941 588 2001 cuius
615 1959 682 2001 non
704 1938 865 2023 gerendae
887 1938 1027 1999 rationes
1053 1934 1096 1996 de

25 2037 26 2064 ³
124 2046 282 2110 industria
313 2048 473 2132 explicet,
507 2047 630 2110 nullam
650 2047 716 2109 fere
740 2042 1006 2116 describendam,
1040 2041 1097 2104 cui

25 2157 26 2190 ³
124 2174 188 2218 uon
208 2153 354 2237 aliquem
375 2173 467 2215 suum
495 2153 761 2215 commentarium
781 2152 924 2216 adiiciat.

162 2260 301 2322 llhrstris
323 2260 414 2322 locus
434 2269 481 2322 est
503 2259 574 2346 (θ),
610 2258 686 2334 ubi,
712 2261 858 2345 exposito
887 2257 1013 2322 nelarie
1041 2257 1093 2321 la·

25 2351 26 2394 l
124 2367 232 2431 cinere
269 2367 414 2430 exsulum
453 2367 744 2452 Cynaethensium‚
779 2367 905 2452 patriae
944 2365 1092 2449 prodito·

123 2493 211 2548 rum,
249 2471 291 2534 de
312 2473 416 2535 cauus
433 2472 613 2549 disseritur,
650 2471 773 2556 quihus
792 2473 919 2536 iactum
935 2481 1031 2547 esset,
1056 2482 1093 2534 ut

123 2601 249 2644 morum
272 2579 398 2642 feritate
425 2589 492 2641 tam
513 2580 609 2664 longe
638 2598 657 2640 a
692 2579 806 2640 ceteris
837 2578 1020 2641 Arcadibus
1039 2578 1091 2642 di·

124 2689 200 2750 versi
220 2695 324 2750 essent
353 2685 598 2770 Cynaethenses.
643 2685 727 2747 Nam
759 2707 863 2770 quum
894 2696 962 2749 tota
987 2684 1090 2748 Arca·

123 2793 198 2856 dum
223 2813 319 2880 gens,
357 2793 401 2856 ob
429 2813 556 2856 morum
582 2793 817 2856 humanitatem
838 2814 878 2856 ac
898 2793 1092 2878 singularem

25 2915 26 2920 ’
122 2900 282 2986 religionis
310 2901 535 2977 sanctitatem,
571 2900 694 2986 optima
732 2898 821 2961 fama
848 2899 992 2972 floreret,
1028 2895 1092 2980 cy-

122 3009 307 3072 naethenses
324 3017 456 3082 contra,
480 3027 546 3068 uua
556 3003 724 3066 Arcadum
742 3025 835 3089 pers,
859 3003 1002 3088 reliquos
1019 3023 1091 3065 om·

25 3113 26 3116 ’
121 3135 174 3206 nes
190 3117 333 3181 Graecos
352 3115 543 3179 crudelitate
568 3136 607 3178 ac
629 3115 749 3177 scelere
769 3116 911 3178 immane
930 3123 1091 3198 quantum

120 3223 326 3310 superabant.
351 3222 449 3286 Cuius
458 3223 504 3284 rei
526 3241 624 3285 causa
636 3221 897 3284 consideratione
914 3219 1014 3306 digna
1031 3228 1100 3282 est..

146 3487 188 3558 (1)
216 3490 244 3541 a.
263 3487 313 3553 1v,
332 3505 354 3539 ο.
373 3488 450 3540 a-e.

149 3579 192 3648 (a)
221 3575 288 3631 uu.
307 3597 329 3630 ο.
349 3579 393 3632 47.

146 3672 188 3741 (a)
215 3673 244 3724 a.
262 3671 359 3736 xvu1,
378 3687 400 3721 ο.
419 3669 464 3722 aa.

146 3763 187 3832 (s)
214 3767 242 3816 u.
261 3763 372 3829 xxxii,
390 3779 413 3814 ο.
432 3763 476 3814 1e.

147 3858 188 3928 (e)
216 3860 245 3911 a.
265 3857 294 3922 1,
313 3875 336 3908 ο.
356 3858 401 3909 ee.

147 3950 188 4019 (6)
216 3951 318 4021 Legitur
336 3947 407 4000 hicce
426 3963 539 4001 exeamus
558 3946 574 3998 Ι.
594 3948 646 4014 lv,
665 3966 687 4000 c.
707 3949 744 4000 20
763 3966 819 4019 sqq.
902 3991 915 4018 ¹.
