2867 5017
764 383 825 445 tat

309 581 463 661 λέγοντα,
476 622 565 640 .....
606 580 673 641 πᾶν
714 574 831 651 εὐθέως
863 578 1015 656 ἡγοῦνται
1048 579 1084 640 τό
1117 575 1294 659 λεγόμενον

308 686 371 751 oet
398 685 513 751 codron
539 684 665 746 πιστόν.
707 680 795 760 Ἐγὼ
818 680 852 745 δὲ
875 686 953 765 φημὶ
974 684 1033 765 μὲν
1055 681 1143 765 δεῖν,
1168 684 1228 749 οὐκ
1253 686 1292 751 ts

307 796 409 878 μικρῷ
430 788 734 876 προσλαμβάνεσθαι
753 792 813 869 τὴν
834 792 889 855 τοῦ
921 790 1122 873 συγγραφέως
1150 792 1291 871 πίστιν,

311 901 368 965 οὖν
398 895 552 978 αὐτοτελῆ
582 896 616 961 δὲ
650 896 790 980 κρίνειν·
821 898 858 962 τὸ
888 896 921 961 δὲ
955 894 1085 976 πλεῖον,
1118 897 1151 971 ἐξ
1182 896 1298 963 αὐτῶν

309 1012 376 1075 τῶν
405 1011 600 1090 πραγμάτων
629 1008 792 1069 ποιεῖσθαι
821 1007 894 1080 τούς
918 1005 1205 1084 ἀναγινώσκοντας
1220 1009 1297 1081 τὰς

311 1115 498 1199 δοκιμασίας
512 1115 576 1202 (l).
600 1114 666 1179 Sed
681 1134 797 1179 vereor
812 1135 853 1179 ne
872 1114 1000 1180 facilius
1017 1114 1087 1178 dari
1105 1114 1170 1198 boc
1190 1134 1298 1201 prae·

310 1234 462 1311 ceptum,
495 1244 597 1309 quam
625 1222 788 1287 observari
809 1222 919 1309 possit.
959 1222 1075 1309 ingens
1095 1224 1181 1287 enim
1200 1223 1297 1309 peri·

309 1331 422 1397 culum
450 1350 517 1395 esse
545 1331 702 1409 arbitror,
737 1352 780 1409 ne
813 1332 912 1395 nimia
944 1332 1109 1417 scriptoris
1135 1330 1298 1393 sedulitas

310 1437 520 1500 remissiorem
555 1437 656 1501 iaciat
691 1438 851 1500 lectorum
877 1437 1077 1523 diligentiam
1106 1456 1146 1501 ac
1172 1436 1297 1501 sensim

309 1544 483 1621 maiorem,
519 1564 621 1629 quam
645 1545 694 1608 fas
720 1555 783 1622 est,
817 1546 1044 1609 auctoritatem
1065 1546 1296 1609 nanciscatur.

309 1650 392 1713 llam
411 1671 515 1734 quum
533 1653 693 1736 cuiusque
711 1651 786 1715 libri
802 1661 919 1715 auctor
935 1672 1021 1728 eam,
1047 1653 1090 1715 de
1107 1674 1175 1738 qua
1195 1664 1295 1740 agat,

309 1757 476 1822 materiem
503 1758 632 1843 penitus
657 1760 871 1844 exploravissc
899 1766 1084 1834 censeatur,
1115 1759 1212 1822 multi
1243 1761 1299 1823 lc·

309 1875 416 1930 ctores
433 1864 476 1929 de
496 1866 603 1950 ipsius
619 1865 763 1929 historici
784 1866 956 1941 sententia,
980 1884 1099 1928 verane
1116 1867 1155 1929 sit
1168 1888 1214 1931 an
1226 1868 1297 1931 fal-

314 1995 366 2051 sa,
404 1994 448 2036 ne
473 1972 625 2037 dubitare
659 1972 792 2060 quidem
818 1970 1002 2048 audebunt,
1039 1982 1096 2035 aut
1122 1984 1232 2051 certe,
1268 1976 1298 2038 si

312 2080 546 2156 dubitaverint,
580 2081 614 2144 in
641 2082 709 2143 eius
733 2079 929 2165 argumentis
949 2078 1046 2144 facile
1068 2084 1297 2168 acquiescente

313 2191 413 2269 Quod
434 2190 568 2275 quidem
588 2193 750 2256 lectorum
768 2212 885 2277 genus,
919 2190 977 2254 etsi
998 2190 1134 2265 levitatis
1154 2190 1297 2255 crimine

313 2298 454 2384 graviter
462 2296 654 2374 notandum,
672 2308 794 2375 tamen,
821 2298 934 2376 credo,
959 2298 1034 2362 satis
1050 2298 1205 2385 frequens
1226 2318 1297 2363 esse

315 2406 406 2470 solet.
452 2404 518 2469 Sed
539 2426 627 2493 poue
657 2406 796 2470 lectores
828 2402 958 2483 cautos,
994 2406 1187 2492 prudentes,
1226 2406 1296 2473 veri

314 2514 482 2577 studiosos.
507 2512 621 2575 Nebis
638 2512 852 2595 quidemista
872 2509 985 2574 iudicii
1003 2514 1052 2574 sui
1070 2512 1297 2577 declaratione

313 2619 398 2682 bene
421 2615 589 2679 consulere
610 2615 800 2681 historicum
820 2616 998 2680 contendo.
1032 2619 1122 2704 Licet
1144 2619 1232 2683 enim
1253 2619 1295 2681 li·

313 2714 425 2789 beram
446 2742 559 2787 eorum
576 2725 767 2788 sententiam
784 2744 853 2788 non
869 2724 915 2787 sic
934 2724 1067 2810 quidem
1083 2728 1181 2813 plane
1197 2746 1297 2791 coer·

316 2845 407 2911 ceat,
440 2844 473 2896 at
500 2852 572 2895 eam
598 2831 803 2917 aliquatenus
826 2842 934 2896 tamen
955 2834 1109 2919 impediet
1132 2854 1296 2919 acprae-

315 2954 436 3021 vertet,
462 2960 619 3028 quaeres
639 2939 874 3022 etimportuna
895 2938 933 3000 iis
955 2941 1014 3002 erit
1035 2950 1067 3002 et
1088 2940 1298 3025 periculosae

318 3052 418 3138 plena
450 3050 549 3112 aleae.
596 3046 677 3109 Nam
706 3042 806 3105 serius
834 3042 973 3125 quisque
1006 3044 1110 3105 lector
1138 3043 1222 3107 adeo
1244 3046 1298 3109 'sui

316 3159 395 3219 iuris
416 3175 482 3217 esse
502 3155 608 3235 cupit,
634 3162 670 3211 ut
690 3148 814 3210 nullam
832 3146 964 3208 omnino
982 3146 1095 3208 iudicii
1117 3147 1297 3213 restrictio·

316 3280 393 3325 nem
418 3256 578 3344 patiatur,
612 3274 752 3339 eamque
777 3254 881 3339 ipsam
910 3251 1089 3317 libertatem
1111 3254 1195 3316 inter
1215 3277 1296 3341 pre·

317 3367 498 3434 tiosissimas
514 3361 644 3451 legendi
664 3364 848 3449 voluptates
867 3362 1005 3447 reponit.
1038 3360 1136 3442 Quod
1154 3382 1231 3426 cum
1248 3364 1294 3427 ita

319 3475 377 3549 sit,
402 3480 438 3534 ut
459 3478 492 3531 et
513 3463 582 3532 leve
603 3468 691 3531 istud
716 3468 892 3555 legentium
913 3488 1013 3554 genus
1034 3469 1199 3555 scriptoris
1218 3489 1294 3532 ver-

318 3582 363 3646 ba
395 3579 491 3643 facile
522 3598 583 3665 pro
614 3578 749 3640 oraculo
782 3574 924 3652 babeat,
966 3585 998 3640 et
1029 3575 1293 3661 prudentioribus

321 3690 409 3755 idem
425 3689 479 3752 ille
497 3686 636 3771 scriptor
655 3685 700 3749 ob
718 3684 753 3747 id
775 3685 881 3770 ipsum
901 3693 1068 3771 suspectus
1088 3705 1153 3748 esse
1171 3684 1290 3761 soleat,

322 3799 415 3887 quod
439 3818 506 3862 non
527 3796 869 3881 rogatus'sententiam
890 3796 988 3859 ferat:
1017 3795 1082 3859 boc
1104 3794 1189 3859 effici
1211 3814 1314 3858 con··

313 3957 514 3973 *a

353 4028 395 4093 (ι)
420 4029 447 4076 ι.
466 4025 520 4088 ιιι,
539 4043 560 4075 0.
580 4026 606 4072 ο.
