<?xml version="1.0" encoding="UTF-8"?>
<!DOCTYPE html PUBLIC "-//W3C//DTD XHTML 1.0 Transitional//EN"
    "http://www.w3.org/TR/xhtml1/DTD/xhtml1-transitional.dtd">
<html xmlns="http://www.w3.org/1999/xhtml" xml:lang="en" lang="en">
 <head>
  <title>
</title>
<meta http-equiv="Content-Type" content="text/html;charset=utf-8" />
  <meta name='ocr-system' content='tesseract 3.04.00' />
  <meta name='ocr-capabilities' content='ocr_page ocr_carea ocr_par ocr_line ocrx_word'/>
</head>
<body>
  <div class='ocr_page' id='page_1' title='image "./specimenliterar00vriegoog_0071.png"; bbox 0 0 2867 5017; ppageno 0'>
   <div class='ocr_carea' id='block_1_1' title="bbox 591 412 636 476">
    <p class='ocr_par' dir='ltr' id='par_1_1' title="bbox 591 412 636 476">
     <span class='ocr_line' id='line_1_1' title="bbox 591 412 636 476; baseline -0.044 1"><span class='ocrx_word' id='word_1_1' title='bbox 591 412 636 476; x_wconf 70' lang='grc'><strong>49</strong></span> 
     </span>
    </p>
   </div>
   <div class='ocr_carea' id='block_1_2' title="bbox 96 598 1095 3888">
    <p class='ocr_par' dir='ltr' id='par_1_2' title="bbox 96 598 1095 3697">
     <span class='ocr_line' id='line_1_2' title="bbox 127 598 1095 695; baseline 0.017 -35"><span class='ocrx_word' id='word_1_2' title='bbox 127 599 200 681; x_wconf 79' lang='grc' dir='ltr'><strong>πρὸς</strong></span> <span class='ocrx_word' id='word_1_3' title='bbox 223 598 257 662; x_wconf 75' lang='grc' dir='ltr'><strong>δι’</strong></span> <span class='ocrx_word' id='word_1_4' title='bbox 287 603 427 684; x_wconf 62' lang='grc' dir='ltr'>τούτοις,</span> <span class='ocrx_word' id='word_1_5' title='bbox 459 607 604 687; x_wconf 67' lang='lat' dir='ltr'><strong>inionem</strong></span> <span class='ocrx_word' id='word_1_6' title='bbox 631 609 780 695; x_wconf 70' lang='grc' dir='ltr'>βασιλικὴ</span> <span class='ocrx_word' id='word_1_7' title='bbox 802 616 856 674; x_wconf 74' lang='lat' dir='ltr'><strong>rel</strong></span> <span class='ocrx_word' id='word_1_8' title='bbox 879 610 978 691; x_wconf 77' lang='grc' dir='ltr'><strong><em>τόλμα</em></strong></span> <span class='ocrx_word' id='word_1_9' title='bbox 999 610 1095 676; x_wconf 73' lang='grc' dir='ltr'>πολι-</span> 
     </span>
     <span class='ocr_line' id='line_1_3' title="bbox 126 705 1093 803; baseline 0.017 -35"><span class='ocrx_word' id='word_1_10' title='bbox 126 712 196 786; x_wconf 81' lang='grc' dir='ltr'>μιιή</span> <span class='ocrx_word' id='word_1_11' title='bbox 222 705 285 793; x_wconf 72' lang='grc'><strong>(1,).</strong></span> <span class='ocrx_word' id='word_1_12' title='bbox 326 708 399 788; x_wconf 88' lang='lat' dir='ltr'><strong>Quo</strong></span> <span class='ocrx_word' id='word_1_13' title='bbox 428 711 551 778; x_wconf 86' lang='lat' dir='ltr'><strong>lactum</strong></span> <span class='ocrx_word' id='word_1_14' title='bbox 577 726 643 792; x_wconf 84' lang='lat' dir='ltr'><strong>est,</strong></span> <span class='ocrx_word' id='word_1_15' title='bbox 673 727 727 793; x_wconf 91' lang='lat' dir='ltr'><strong>ut,</strong></span> <span class='ocrx_word' id='word_1_16' title='bbox 759 739 864 803; x_wconf 84' lang='lat' dir='ltr'><strong>quum</strong></span> <span class='ocrx_word' id='word_1_17' title='bbox 890 721 1013 786; x_wconf 75' lang='lat' dir='ltr'><strong>iuveris</strong></span> <span class='ocrx_word' id='word_1_18' title='bbox 1032 722 1093 784; x_wconf 84' lang='lat' dir='ltr'><strong>ad-</strong></span> 
     </span>
     <span class='ocr_line' id='line_1_4' title="bbox 125 813 1094 910; baseline 0.017 -35"><span class='ocrx_word' id='word_1_19' title='bbox 125 813 258 876; x_wconf 84' lang='lat' dir='ltr'><strong>modum</strong></span> <span class='ocrx_word' id='word_1_20' title='bbox 287 817 375 900; x_wconf 81' lang='lat' dir='ltr'><strong>regni</strong></span> <span class='ocrx_word' id='word_1_21' title='bbox 405 819 612 885; x_wconf 83' lang='lat' dir='ltr'><strong>moderamen</strong></span> <span class='ocrx_word' id='word_1_22' title='bbox 634 825 837 910; x_wconf 68' lang='lat' dir='ltr'><strong>suscepisset,</strong></span> <span class='ocrx_word' id='word_1_23' title='bbox 863 828 1010 892; x_wconf 84' lang='lat' dir='ltr'><strong>omnium</strong></span> <span class='ocrx_word' id='word_1_24' title='bbox 1034 828 1094 891; x_wconf 82' lang='lat' dir='ltr'><strong>hc·</strong></span> 
     </span>
     <span class='ocr_line' id='line_1_5' title="bbox 124 923 1093 1012; baseline 0.015 -28"><span class='ocrx_word' id='word_1_25' title='bbox 124 923 339 988; x_wconf 65' lang='lat' dir='ltr'><strong>marchaliam</strong></span> <span class='ocrx_word' id='word_1_26' title='bbox 369 925 413 986; x_wconf 87' lang='lat' dir='ltr'><strong>ita</strong></span> <span class='ocrx_word' id='word_1_27' title='bbox 442 927 501 990; x_wconf 82' lang='lat' dir='ltr'><strong>ribi</strong></span> <span class='ocrx_word' id='word_1_28' title='bbox 523 931 731 1012; x_wconf 76' lang='lat' dir='ltr'><strong>conciliaret,</strong></span> <span class='ocrx_word' id='word_1_29' title='bbox 764 943 800 996; x_wconf 92' lang='grc' dir='ltr'><strong>ιιι</strong></span> <span class='ocrx_word' id='word_1_30' title='bbox 820 935 918 996; x_wconf 72' lang='lat' dir='ltr'><strong>totius</strong></span> <span class='ocrx_word' id='word_1_31' title='bbox 937 933 1093 998; x_wconf 76' lang='lat' dir='ltr'><strong>Graeciae</strong></span> 
     </span>
     <span class='ocr_line' id='line_1_6' title="bbox 119 1029 1092 1127; baseline 0.015 -36"><span class='ocrx_word' id='word_1_32' title='bbox 119 1029 260 1093; x_wconf 55' lang='lat' dir='ltr'><strong>*deliciae</strong></span> <span class='ocrx_word' id='word_1_33' title='bbox 280 1029 454 1096; x_wconf 81' lang='lat' dir='ltr'><strong>haberetur</strong></span> <span class='ocrx_word' id='word_1_34' title='bbox 477 1034 540 1120; x_wconf 75' lang='lat'><strong>(2).</strong></span> <span class='ocrx_word' id='word_1_35' title='bbox 578 1037 622 1100; x_wconf 83' lang='lat' dir='ltr'><strong>At</strong></span> <span class='ocrx_word' id='word_1_36' title='bbox 642 1039 726 1115; x_wconf 81' lang='lat' dir='ltr'><strong>rita,</strong></span> <span class='ocrx_word' id='word_1_37' title='bbox 750 1050 817 1104; x_wconf 85' lang='lat' dir='ltr'><strong>tam</strong></span> <span class='ocrx_word' id='word_1_38' title='bbox 838 1043 1016 1127; x_wconf 72' lang='lat' dir='ltr'><strong>praeclaris</strong></span> <span class='ocrx_word' id='word_1_39' title='bbox 1033 1062 1092 1106; x_wconf 79' lang='lat' dir='ltr'><strong>au·</strong></span> 
     </span>
     <span class='ocr_line' id='line_1_7' title="bbox 121 1136 1092 1222; baseline 0.014 -24"><span class='ocrx_word' id='word_1_40' title='bbox 121 1136 231 1221; x_wconf 77' lang='lat' dir='ltr'><strong>spioiic</strong></span> <span class='ocrx_word' id='word_1_41' title='bbox 249 1138 400 1222; x_wconf 83' lang='lat' dir='ltr'><strong>incepta,</strong></span> <span class='ocrx_word' id='word_1_42' title='bbox 426 1161 500 1204; x_wconf 88' lang='lat' dir='ltr'><strong>mox</strong></span> <span class='ocrx_word' id='word_1_43' title='bbox 517 1143 556 1207; x_wconf 86' lang='lat' dir='ltr'><strong>in</strong></span> <span class='ocrx_word' id='word_1_44' title='bbox 577 1145 639 1207; x_wconf 85' lang='lat' dir='ltr'><strong>alia</strong></span> <span class='ocrx_word' id='word_1_45' title='bbox 661 1147 769 1210; x_wconf 80' lang='lat' dir='ltr'><strong>omnia</strong></span> <span class='ocrx_word' id='word_1_46' title='bbox 791 1147 881 1211; x_wconf 86' lang='lat' dir='ltr'><strong>abiit.</strong></span> <span class='ocrx_word' id='word_1_47' title='bbox 912 1148 1092 1212; x_wconf 75' lang='lat' dir='ltr'><strong>Dochmius</strong></span> 
     </span>
     <span class='ocr_line' id='line_1_8' title="bbox 119 1243 1092 1341; baseline 0.014 -35"><span class='ocrx_word' id='word_1_48' title='bbox 119 1243 167 1306; x_wconf 84' lang='lat' dir='ltr'><strong>rei</strong></span> <span class='ocrx_word' id='word_1_49' title='bbox 189 1263 289 1308; x_wconf 82' lang='lat' dir='ltr'><strong>causa</strong></span> <span class='ocrx_word' id='word_1_50' title='bbox 311 1251 405 1334; x_wconf 80' lang='lat' dir='ltr'><strong>longe</strong></span> <span class='ocrx_word' id='word_1_51' title='bbox 426 1251 614 1334; x_wconf 62' lang='lat' dir='ltr'><strong>quaerum</strong></span> <span class='ocrx_word' id='word_1_52' title='bbox 635 1264 692 1316; x_wconf 81' lang='lat' dir='ltr'><strong>eet.</strong></span> <span class='ocrx_word' id='word_1_53' title='bbox 727 1253 809 1316; x_wconf 84' lang='lat' dir='ltr'><strong>llam</strong></span> <span class='ocrx_word' id='word_1_54' title='bbox 826 1276 932 1341; x_wconf 84' lang='lat' dir='ltr'><strong>quum</strong></span> <span class='ocrx_word' id='word_1_55' title='bbox 951 1256 1092 1322; x_wconf 87' lang='lat' dir='ltr'><strong>ducrum</strong></span> 
     </span>
     <span class='ocr_line' id='line_1_9' title="bbox 118 1354 1090 1438; baseline 0.01 -22"><span class='ocrx_word' id='word_1_56' title='bbox 118 1354 259 1417; x_wconf 71' lang='lat' dir='ltr'><strong>maritare</strong></span> <span class='ocrx_word' id='word_1_57' title='bbox 280 1356 483 1420; x_wconf 70' lang='lat' dir='ltr'><strong>familiarium</strong></span> <span class='ocrx_word' id='word_1_58' title='bbox 499 1361 740 1424; x_wconf 82' lang='lat' dir='ltr'><strong>consuetudine</strong></span> <span class='ocrx_word' id='word_1_59' title='bbox 757 1371 921 1438; x_wconf 82' lang='lat' dir='ltr'><strong>uteretur,</strong></span> <span class='ocrx_word' id='word_1_60' title='bbox 946 1363 1039 1426; x_wconf 74' lang='lat' dir='ltr'><strong>Arati</strong></span> <span class='ocrx_word' id='word_1_61' title='bbox 1052 1372 1090 1426; x_wconf 84' lang='lat' dir='ltr'><strong>et</strong></span> 
     </span>
     <span class='ocr_line' id='line_1_10' title="bbox 121 1461 1090 1551; baseline 0.002 -23"><span class='ocrx_word' id='word_1_62' title='bbox 121 1461 288 1540; x_wconf 72' lang='lat' dir='ltr'><strong>Demetrii,</strong></span> <span class='ocrx_word' id='word_1_63' title='bbox 320 1463 422 1538; x_wconf 81' lang='lat' dir='ltr'><strong>illius,</strong></span> <span class='ocrx_word' id='word_1_64' title='bbox 447 1462 581 1528; x_wconf 78' lang='lat' dir='ltr'><strong>honesta</strong></span> <span class='ocrx_word' id='word_1_65' title='bbox 602 1486 756 1551; x_wconf 83' lang='lat' dir='ltr'><strong>quaeque</strong></span> <span class='ocrx_word' id='word_1_66' title='bbox 776 1466 960 1542; x_wconf 76' lang='lat' dir='ltr'><strong>suadentia,</strong></span> <span class='ocrx_word' id='word_1_67' title='bbox 983 1467 1090 1530; x_wconf 79' lang='lat' dir='ltr'><strong>couri·</strong></span> 
     </span>
     <span class='ocr_line' id='line_1_11' title="bbox 118 1569 1091 1659; baseline 0.004 -28"><span class='ocrx_word' id='word_1_68' title='bbox 118 1569 163 1633; x_wconf 84' lang='lat' dir='ltr'><strong>lie</strong></span> <span class='ocrx_word' id='word_1_69' title='bbox 183 1591 251 1636; x_wconf 88' lang='lat' dir='ltr'><strong>uon</strong></span> <span class='ocrx_word' id='word_1_70' title='bbox 273 1570 415 1646; x_wconf 82' lang='lat' dir='ltr'><strong>curavit,</strong></span> <span class='ocrx_word' id='word_1_71' title='bbox 446 1570 596 1636; x_wconf 74' lang='lat' dir='ltr'><strong>Demetrii</strong></span> <span class='ocrx_word' id='word_1_72' title='bbox 617 1594 718 1657; x_wconf 84' lang='lat' dir='ltr'><strong>prava</strong></span> <span class='ocrx_word' id='word_1_73' title='bbox 740 1583 772 1636; x_wconf 90' lang='lat' dir='ltr'><strong>et</strong></span> <span class='ocrx_word' id='word_1_74' title='bbox 792 1575 902 1659; x_wconf 88' lang='lat' dir='ltr'><strong>turpia</strong></span> <span class='ocrx_word' id='word_1_75' title='bbox 924 1572 1018 1638; x_wconf 79' lang='lat' dir='ltr'><strong>avide</strong></span> <span class='ocrx_word' id='word_1_76' title='bbox 1037 1593 1091 1636; x_wconf 86' lang='lat' dir='ltr'><strong>ar·</strong></span> 
     </span>
     <span class='ocr_line' id='line_1_12' title="bbox 114 1675 1089 1764; baseline 0.001 -25"><span class='ocrx_word' id='word_1_77' title='bbox 114 1675 219 1762; x_wconf 74' lang='lat' dir='ltr'><strong>ripuit</strong></span> <span class='ocrx_word' id='word_1_78' title='bbox 244 1675 313 1763; x_wconf 78' lang='lat' dir='ltr'><strong>(D),</strong></span> <span class='ocrx_word' id='word_1_79' title='bbox 346 1676 553 1742; x_wconf 75' lang='lat' dir='ltr'><strong>memorabile</strong></span> <span class='ocrx_word' id='word_1_80' title='bbox 573 1677 733 1762; x_wconf 81' lang='lat' dir='ltr'><strong>praebens</strong></span> <span class='ocrx_word' id='word_1_81' title='bbox 751 1677 963 1764; x_wconf 71' lang='lat' dir='ltr'><strong>regnantibus</strong></span> <span class='ocrx_word' id='word_1_82' title='bbox 981 1697 1089 1740; x_wconf 83' lang='lat' dir='ltr'><strong>crem·</strong></span> 
     </span>
     <span class='ocr_line' id='line_1_13' title="bbox 112 1783 1089 1870; baseline 0.001 -23"><span class='ocrx_word' id='word_1_83' title='bbox 112 1784 229 1870; x_wconf 82' lang='lat' dir='ltr'><strong>plum,</strong></span> <span class='ocrx_word' id='word_1_84' title='bbox 258 1786 373 1870; x_wconf 83' lang='lat' dir='ltr'><strong>quanti</strong></span> <span class='ocrx_word' id='word_1_85' title='bbox 403 1786 557 1850; x_wconf 75' lang='lat' dir='ltr'><strong>momenti</strong></span> <span class='ocrx_word' id='word_1_86' title='bbox 582 1785 625 1848; x_wconf 78' lang='lat' dir='ltr'><strong>ait</strong></span> <span class='ocrx_word' id='word_1_87' title='bbox 646 1784 746 1862; x_wconf 86' lang='lat' dir='ltr'><strong>illud,</strong></span> <span class='ocrx_word' id='word_1_88' title='bbox 774 1786 810 1850; x_wconf 91' lang='grc' dir='ltr'><strong>ιιι</strong></span> <span class='ocrx_word' id='word_1_89' title='bbox 830 1787 1011 1850; x_wconf 79' lang='lat' dir='ltr'><strong>amicorum</strong></span> <span class='ocrx_word' id='word_1_90' title='bbox 1030 1783 1089 1848; x_wconf 85' lang='lat' dir='ltr'><strong>dc-</strong></span> 
     </span>
     <span class='ocr_line' id='line_1_14' title="bbox 113 1890 1086 1978; baseline 0.001 -25"><span class='ocrx_word' id='word_1_91' title='bbox 113 1891 210 1956; x_wconf 87' lang='lat' dir='ltr'><strong>lcctu&#39;</strong></span> <span class='ocrx_word' id='word_1_92' title='bbox 230 1901 364 1955; x_wconf 88' lang='lat' dir='ltr'><strong>cautum</strong></span> <span class='ocrx_word' id='word_1_93' title='bbox 389 1912 455 1956; x_wconf 78' lang='lat' dir='ltr'><strong>esso</strong></span> <span class='ocrx_word' id='word_1_94' title='bbox 480 1912 519 1955; x_wconf 83' lang='lat' dir='ltr'><strong>ac</strong></span> <span class='ocrx_word' id='word_1_95' title='bbox 542 1893 666 1954; x_wconf 84' lang='lat' dir='ltr'><strong>lentum</strong></span> <span class='ocrx_word' id='word_1_96' title='bbox 690 1890 753 1976; x_wconf 74' lang='grc' dir='ltr'><strong>(Δ).</strong></span> <span class='ocrx_word' id='word_1_97' title='bbox 790 1891 962 1978; x_wconf 76' lang='lat' dir='ltr'><strong>Philippus</strong></span> <span class='ocrx_word' id='word_1_98' title='bbox 980 1890 1086 1965; x_wconf 81' lang='lat' dir='ltr'><strong>amm,</strong></span> 
     </span>
     <span class='ocr_line' id='line_1_15' title="bbox 108 1995 1088 2083; baseline -0.001 -23"><span class='ocrx_word' id='word_1_99' title='bbox 108 1996 178 2062; x_wconf 83' lang='lat' dir='ltr'><strong>hoc</strong></span> <span class='ocrx_word' id='word_1_100' title='bbox 213 1996 384 2083; x_wconf 81' lang='lat' dir='ltr'><strong>neglectu,</strong></span> <span class='ocrx_word' id='word_1_101' title='bbox 421 1997 464 2060; x_wconf 86' lang='lat' dir='ltr'><strong>ad</strong></span> <span class='ocrx_word' id='word_1_102' title='bbox 495 1995 678 2082; x_wconf 87' lang='lat' dir='ltr'><strong>improbam</strong></span> <span class='ocrx_word' id='word_1_103' title='bbox 709 2015 838 2060; x_wconf 70' lang='lat' dir='ltr'><strong>mortim</strong></span> <span class='ocrx_word' id='word_1_104' title='bbox 868 1997 1088 2081; x_wconf 78' lang='lat' dir='ltr'><strong>corruptelam</strong></span> 
     </span>
     <span class='ocr_line' id='line_1_16' title="bbox 107 2101 1089 2192; baseline -0.004 -25"><span class='ocrx_word' id='word_1_105' title='bbox 107 2103 290 2192; x_wconf 82' lang='lat' dir='ltr'><strong>paullatim</strong></span> <span class='ocrx_word' id='word_1_106' title='bbox 307 2102 446 2166; x_wconf 85' lang='lat' dir='ltr'><strong>deflexit.</strong></span> <span class='ocrx_word' id='word_1_107' title='bbox 470 2103 519 2166; x_wconf 75' lang='lat' dir='ltr'><strong>Ac</strong></span> <span class='ocrx_word' id='word_1_108' title='bbox 540 2103 681 2187; x_wconf 86' lang='lat' dir='ltr'><strong>primum</strong></span> <span class='ocrx_word' id='word_1_109' title='bbox 698 2101 833 2186; x_wconf 87' lang='lat' dir='ltr'><strong>quidem</strong></span> <span class='ocrx_word' id='word_1_110' title='bbox 850 2102 938 2166; x_wconf 86' lang='lat' dir='ltr'><strong>hane</strong></span> <span class='ocrx_word' id='word_1_111' title='bbox 955 2102 1089 2188; x_wconf 83' lang='lat' dir='ltr'><strong>culpam</strong></span> 
     </span>
     <span class='ocr_line' id='line_1_17' title="bbox 105 2206 1086 2294; baseline 0.002 -21"><span class='ocrx_word' id='word_1_112' title='bbox 105 2209 290 2284; x_wconf 72' lang='lat' dir='ltr'><strong>connotat,</strong></span> <span class='ocrx_word' id='word_1_113' title='bbox 323 2210 415 2294; x_wconf 85' lang='lat' dir='ltr'><strong>quod</strong></span> <span class='ocrx_word' id='word_1_114' title='bbox 444 2208 587 2283; x_wconf 71' lang='lat' dir='ltr'><strong>Thermi,</strong></span> <span class='ocrx_word' id='word_1_115' title='bbox 619 2207 765 2271; x_wconf 83' lang='lat' dir='ltr'><strong>Aetoliae</strong></span> <span class='ocrx_word' id='word_1_116' title='bbox 793 2206 896 2284; x_wconf 82' lang='lat' dir='ltr'><strong>urbis,</strong></span> <span class='ocrx_word' id='word_1_117' title='bbox 930 2209 1086 2294; x_wconf 82' lang='lat' dir='ltr'><strong>templum</strong></span> 
     </span>
     <span class='ocr_line' id='line_1_18' title="bbox 107 2314 1083 2403; baseline -0.002 -23"><span class='ocrx_word' id='word_1_118' title='bbox 107 2325 271 2380; x_wconf 84' lang='lat' dir='ltr'><strong>everteret</strong></span> <span class='ocrx_word' id='word_1_119' title='bbox 291 2315 353 2403; x_wconf 76' lang='lat' dir='ltr'><strong>(a).</strong></span> <span class='ocrx_word' id='word_1_120' title='bbox 390 2316 463 2398; x_wconf 83' lang='lat' dir='ltr'><strong>Qua</strong></span> <span class='ocrx_word' id='word_1_121' title='bbox 485 2317 520 2378; x_wconf 86' lang='lat' dir='ltr'><strong>in</strong></span> <span class='ocrx_word' id='word_1_122' title='bbox 541 2337 575 2378; x_wconf 88' lang='lat' dir='ltr'><strong>re</strong></span> <span class='ocrx_word' id='word_1_123' title='bbox 595 2335 700 2400; x_wconf 90' lang='lat' dir='ltr'><strong>quum</strong></span> <span class='ocrx_word' id='word_1_124' title='bbox 720 2314 802 2378; x_wconf 81' lang='lat' dir='ltr'><strong>iuste</strong></span> <span class='ocrx_word' id='word_1_125' title='bbox 822 2315 921 2400; x_wconf 70' lang='lat' dir='ltr'><strong>egicae</strong></span> <span class='ocrx_word' id='word_1_126' title='bbox 940 2336 974 2380; x_wconf 82' lang='lat' dir='ltr'><strong>ee</strong></span> <span class='ocrx_word' id='word_1_127' title='bbox 995 2314 1083 2379; x_wconf 89' lang='lat' dir='ltr'><strong>arbi-</strong></span> 
     </span>
     <span class='ocr_line' id='line_1_19' title="bbox 108 2421 1082 2500; baseline -0.001 -14"><span class='ocrx_word' id='word_1_128' title='bbox 108 2432 270 2499; x_wconf 87' lang='lat' dir='ltr'><strong>traretur,</strong></span> <span class='ocrx_word' id='word_1_129' title='bbox 294 2423 498 2488; x_wconf 80' lang='lat' dir='ltr'><strong>vehementer</strong></span> <span class='ocrx_word' id='word_1_130' title='bbox 519 2423 666 2500; x_wconf 60' lang='lat' dir='ltr'><strong>errabam</strong></span> <span class='ocrx_word' id='word_1_131' title='bbox 691 2443 768 2486; x_wconf 87' lang='lat' dir='ltr'><strong>nam</strong></span> <span class='ocrx_word' id='word_1_132' title='bbox 788 2421 855 2486; x_wconf 84' lang='lat' dir='ltr'><strong>irae</strong></span> <span class='ocrx_word' id='word_1_133' title='bbox 874 2424 1010 2488; x_wconf 84' lang='lat' dir='ltr'><strong>nimium</strong></span> <span class='ocrx_word' id='word_1_134' title='bbox 1030 2424 1082 2486; x_wconf 88' lang='lat' dir='ltr'><strong>in-</strong></span> 
     </span>
     <span class='ocr_line' id='line_1_20' title="bbox 107 2525 1086 2617; baseline -0.001 -23"><span class='ocrx_word' id='word_1_135' title='bbox 107 2525 252 2617; x_wconf 75' lang='lat' dir='ltr'><strong>dulg&#39;cna</strong></span> <span class='ocrx_word' id='word_1_136' title='bbox 276 2530 401 2593; x_wconf 81' lang='lat' dir='ltr'><strong>honesti</strong></span> <span class='ocrx_word' id='word_1_137' title='bbox 432 2530 513 2594; x_wconf 81' lang='lat' dir='ltr'><strong>finer</strong></span> <span class='ocrx_word' id='word_1_138' title='bbox 544 2541 613 2594; x_wconf 87' lang='lat' dir='ltr'><strong>erat</strong></span> <span class='ocrx_word' id='word_1_139' title='bbox 642 2539 863 2614; x_wconf 77' lang='lat' dir='ltr'><strong>transgreacm.</strong></span> <span class='ocrx_word' id='word_1_140' title='bbox 905 2530 970 2594; x_wconf 78' lang='lat' dir='ltr'><strong>Elei</strong></span> <span class='ocrx_word' id='word_1_141' title='bbox 1000 2529 1086 2593; x_wconf 85' lang='lat' dir='ltr'><strong>enim</strong></span> 
     </span>
     <span class='ocr_line' id='line_1_21' title="bbox 107 2637 1085 2724; baseline 0 -24"><span class='ocrx_word' id='word_1_142' title='bbox 107 2638 241 2702; x_wconf 81' lang='lat' dir='ltr'><strong>laedere</strong></span> <span class='ocrx_word' id='word_1_143' title='bbox 268 2637 390 2714; x_wconf 78' lang='lat' dir='ltr'><strong>hostes,</strong></span> <span class='ocrx_word' id='word_1_144' title='bbox 420 2639 497 2702; x_wconf 90' lang='lat' dir='ltr'><strong>belli</strong></span> <span class='ocrx_word' id='word_1_145' title='bbox 528 2641 578 2702; x_wconf 81' lang='lat' dir='ltr'><strong>lex</strong></span> <span class='ocrx_word' id='word_1_146' title='bbox 599 2648 663 2714; x_wconf 82' lang='lat' dir='ltr'><strong>eet,</strong></span> <span class='ocrx_word' id='word_1_147' title='bbox 694 2658 804 2722; x_wconf 77' lang='lat' dir='ltr'><strong>neque</strong></span> <span class='ocrx_word' id='word_1_148' title='bbox 823 2657 950 2724; x_wconf 81' lang='lat' dir='ltr'><strong>comper</strong></span> <span class='ocrx_word' id='word_1_149' title='bbox 971 2637 1085 2722; x_wconf 85' lang='lat' dir='ltr'><strong>iniqua</strong></span> 
     </span>
     <span class='ocr_line' id='line_1_22' title="bbox 106 2744 1082 2832; baseline -0.003 -24"><span class='ocrx_word' id='word_1_150' title='bbox 106 2757 139 2809; x_wconf 83' lang='lat' dir='ltr'><strong>ct</strong></span> <span class='ocrx_word' id='word_1_151' title='bbox 161 2767 261 2832; x_wconf 85' lang='lat' dir='ltr'><strong>saepe</strong></span> <span class='ocrx_word' id='word_1_152' title='bbox 286 2747 481 2822; x_wconf 81' lang='lat' dir='ltr'><strong>necessaria,</strong></span> <span class='ocrx_word' id='word_1_153' title='bbox 514 2747 551 2810; x_wconf 80' lang='lat' dir='ltr'><strong>iis</strong></span> <span class='ocrx_word' id='word_1_154' title='bbox 572 2756 679 2808; x_wconf 80' lang='lat' dir='ltr'><strong>tamen</strong></span> <span class='ocrx_word' id='word_1_155' title='bbox 698 2746 766 2808; x_wconf 83' lang='lat' dir='ltr'><strong>sine</strong></span> <span class='ocrx_word' id='word_1_156' title='bbox 787 2744 855 2807; x_wconf 88' lang='lat' dir='ltr'><strong>ulla</strong></span> <span class='ocrx_word' id='word_1_157' title='bbox 875 2745 924 2808; x_wconf 86' lang='lat' dir='ltr'><strong>sui</strong></span> <span class='ocrx_word' id='word_1_158' title='bbox 945 2744 1082 2806; x_wconf 83' lang='lat' dir='ltr'><strong>utilitate</strong></span> 
     </span>
     <span class='ocr_line' id='line_1_23' title="bbox 104 2851 1083 2931; baseline -0.004 -17"><span class='ocrx_word' id='word_1_159' title='bbox 104 2871 248 2929; x_wconf 79' lang='lat' dir='ltr'><strong>nocere,</strong></span> <span class='ocrx_word' id='word_1_160' title='bbox 281 2872 320 2916; x_wconf 86' lang='lat' dir='ltr'><strong>ac</strong></span> <span class='ocrx_word' id='word_1_161' title='bbox 350 2853 491 2915; x_wconf 80' lang='lat' dir='ltr'><strong>Deorum</strong></span> <span class='ocrx_word' id='word_1_162' title='bbox 513 2873 605 2915; x_wconf 86' lang='lat' dir='ltr'><strong>sacra</strong></span> <span class='ocrx_word' id='word_1_163' title='bbox 628 2851 764 2925; x_wconf 79' lang='lat' dir='ltr'><strong>violare,</strong></span> <span class='ocrx_word' id='word_1_164' title='bbox 794 2853 912 2931; x_wconf 74' lang='grc' dir='ltr'><strong><em>τρόπον</em></strong></span> <span class='ocrx_word' id='word_1_165' title='bbox 938 2851 992 2910; x_wconf 81' lang='grc' dir='ltr'><strong>καὶ</strong></span> <span class='ocrx_word' id='word_1_166' title='bbox 1018 2855 1083 2910; x_wconf 77' lang='grc' dir='ltr'><strong>θν-</strong></span> 
     </span>
     <span class='ocr_line' id='line_1_24' title="bbox 100 2957 1085 3044; baseline -0.001 -24"><span class='ocrx_word' id='word_1_167' title='bbox 100 2962 163 3038; x_wconf 70' lang='grc' dir='ltr'><strong>μοὺ</strong></span> <span class='ocrx_word' id='word_1_168' title='bbox 189 2957 368 3032; x_wconf 71' lang='grc' dir='ltr'><strong><em>λυττῶντος</em></strong></span> <span class='ocrx_word' id='word_1_169' title='bbox 390 2959 495 3041; x_wconf 69' lang='grc' dir='ltr'><em>ἔργον.</em></span> <span class='ocrx_word' id='word_1_170' title='bbox 529 2960 588 3036; x_wconf 75' lang='lat' dir='ltr'><strong>Aa,</strong></span> <span class='ocrx_word' id='word_1_171' title='bbox 614 2960 702 3024; x_wconf 86' lang='lat' dir='ltr'><strong>dicat</strong></span> <span class='ocrx_word' id='word_1_172' title='bbox 723 2959 813 3044; x_wconf 84' lang='lat' dir='ltr'><strong>quis,</strong></span> <span class='ocrx_word' id='word_1_173' title='bbox 837 2960 920 3020; x_wconf 86' lang='lat' dir='ltr'><strong>iusta</strong></span> <span class='ocrx_word' id='word_1_174' title='bbox 942 2957 1085 3043; x_wconf 86' lang='lat' dir='ltr'><strong>Philippi</strong></span> 
     </span>
     <span class='ocr_line' id='line_1_25' title="bbox 101 3065 1079 3156; baseline -0.001 -25"><span class='ocrx_word' id='word_1_175' title='bbox 101 3079 174 3132; x_wconf 82' lang='lat' dir='ltr'><strong>crat</strong></span> <span class='ocrx_word' id='word_1_176' title='bbox 193 3069 352 3144; x_wconf 85' lang='lat' dir='ltr'><strong>vindicta,</strong></span> <span class='ocrx_word' id='word_1_177' title='bbox 378 3091 482 3156; x_wconf 70' lang='lat' dir='ltr'><strong>qutun</strong></span> <span class='ocrx_word' id='word_1_178' title='bbox 503 3069 588 3132; x_wconf 86' lang='lat' dir='ltr'><strong>idem</strong></span> <span class='ocrx_word' id='word_1_179' title='bbox 607 3079 701 3132; x_wconf 78' lang='lat' dir='ltr'><strong>autea</strong></span> <span class='ocrx_word' id='word_1_180' title='bbox 719 3068 826 3130; x_wconf 85' lang='lat' dir='ltr'><strong>Aetoli</strong></span> <span class='ocrx_word' id='word_1_181' title='bbox 843 3067 894 3130; x_wconf 87' lang='lat' dir='ltr'><strong>Dii</strong></span> <span class='ocrx_word' id='word_1_182' title='bbox 911 3086 951 3128; x_wconf 89' lang='lat' dir='ltr'><strong>ac</strong></span> <span class='ocrx_word' id='word_1_183' title='bbox 971 3065 1079 3130; x_wconf 81' lang='lat' dir='ltr'><strong>Dodo·</strong></span> 
     </span>
     <span class='ocr_line' id='line_1_26' title="bbox 100 3173 1078 3261; baseline -0.001 -25"><span class='ocrx_word' id='word_1_184' title='bbox 100 3195 166 3237; x_wconf 85' lang='lat' dir='ltr'><strong>nae</strong></span> <span class='ocrx_word' id='word_1_185' title='bbox 199 3175 357 3237; x_wconf 80' lang='lat' dir='ltr'><strong>iecissent.</strong></span> <span class='ocrx_word' id='word_1_186' title='bbox 400 3175 483 3241; x_wconf 81' lang='lat' dir='ltr'><strong>Vere</strong></span> <span class='ocrx_word' id='word_1_187' title='bbox 503 3177 638 3261; x_wconf 82' lang='lat' dir='ltr'><strong>quidem</strong></span> <span class='ocrx_word' id='word_1_188' title='bbox 663 3176 737 3249; x_wconf 84' lang='lat' dir='ltr'><strong>ille,</strong></span> <span class='ocrx_word' id='word_1_189' title='bbox 770 3174 830 3236; x_wconf 85' lang='lat' dir='ltr'><strong>sed.</strong></span> <span class='ocrx_word' id='word_1_190' title='bbox 850 3183 947 3257; x_wconf 82' lang='lat' dir='ltr'><strong>turpe</strong></span> <span class='ocrx_word' id='word_1_191' title='bbox 973 3173 1078 3236; x_wconf 71' lang='lat' dir='ltr'><strong>omati-</strong></span> 
     </span>
     <span class='ocr_line' id='line_1_27' title="bbox 96 3278 1079 3366; baseline -0.002 -22"><span class='ocrx_word' id='word_1_192' title='bbox 96 3279 224 3344; x_wconf 84' lang='lat' dir='ltr'><strong>mabat</strong></span> <span class='ocrx_word' id='word_1_193' title='bbox 244 3278 397 3360; x_wconf 83' lang='lat' dir='ltr'><strong>Polybiur</strong></span> <span class='ocrx_word' id='word_1_194' title='bbox 416 3280 579 3366; x_wconf 86' lang='lat' dir='ltr'><strong>impietate</strong></span> <span class='ocrx_word' id='word_1_195' title='bbox 598 3281 704 3344; x_wconf 82' lang='lat' dir='ltr'><strong>hostes</strong></span> <span class='ocrx_word' id='word_1_196' title='bbox 724 3301 890 3366; x_wconf 83' lang='lat' dir='ltr'><strong>superare,</strong></span> <span class='ocrx_word' id='word_1_197' title='bbox 916 3279 1079 3364; x_wconf 83' lang='lat' dir='ltr'><strong>acquitate</strong></span> 
     </span>
     <span class='ocr_line' id='line_1_28' title="bbox 98 3384 1079 3474; baseline 0.005 -28"><span class='ocrx_word' id='word_1_198' title='bbox 98 3395 130 3447; x_wconf 87' lang='lat' dir='ltr'><strong>et</strong></span> <span class='ocrx_word' id='word_1_199' title='bbox 151 3384 382 3448; x_wconf 71' lang='lat' dir='ltr'><strong>honestatem</strong></span> <span class='ocrx_word' id='word_1_200' title='bbox 403 3388 589 3452; x_wconf 85' lang='lat' dir='ltr'><strong>antecellere</strong></span> <span class='ocrx_word' id='word_1_201' title='bbox 609 3387 895 3474; x_wconf 69' lang='lat' dir='ltr'><strong>praeclarissimam</strong></span> <span class='ocrx_word' id='word_1_202' title='bbox 912 3387 1079 3453; x_wconf 80' lang='lat' dir='ltr'><strong>victoriam</strong></span> 
     </span>
     <span class='ocr_line' id='line_1_29' title="bbox 126 3631 406 3697; baseline 0.007 -16"><span class='ocrx_word' id='word_1_203' title='bbox 126 3631 173 3697; x_wconf 84' lang='lat'><strong>(1)</strong></span> <span class='ocrx_word' id='word_1_204' title='bbox 206 3632 234 3682; x_wconf 79' lang='grc' dir='ltr'><strong>ι.</strong></span> <span class='ocrx_word' id='word_1_205' title='bbox 255 3631 343 3696; x_wconf 78' lang='lat' dir='ltr'><strong>1v‚0.</strong></span> <span class='ocrx_word' id='word_1_206' title='bbox 364 3633 406 3684; x_wconf 82' lang='lat' dir='ltr'><strong>rr.</strong></span> 
     </span>
    </p>

    <p class='ocr_par' dir='ltr' id='par_1_3' title="bbox 121 3724 419 3791">
     <span class='ocr_line' id='line_1_30' title="bbox 121 3724 419 3791; baseline 0.007 -17"><span class='ocrx_word' id='word_1_207' title='bbox 121 3725 173 3791; x_wconf 73' lang='grc'><strong>(2)</strong></span> <span class='ocrx_word' id='word_1_208' title='bbox 206 3725 234 3776; x_wconf 77' lang='grc' dir='ltr'><strong>Ιι.</strong></span> <span class='ocrx_word' id='word_1_209' title='bbox 253 3724 357 3790; x_wconf 55' lang='lat' dir='ltr'><strong>Vibo.</strong></span> <span class='ocrx_word' id='word_1_210' title='bbox 377 3727 419 3777; x_wconf 74' lang='lat'><strong>12,</strong></span> 
     </span>
    </p>

    <p class='ocr_par' dir='ltr' id='par_1_4' title="bbox 126 3817 376 3888">
     <span class='ocr_line' id='line_1_31' title="bbox 126 3817 376 3888; baseline -0.004 -18"><span class='ocrx_word' id='word_1_211' title='bbox 126 3821 172 3888; x_wconf 80' lang='lat' dir='ltr'><strong>(a)</strong></span> <span class='ocrx_word' id='word_1_212' title='bbox 205 3817 271 3871; x_wconf 81' lang='lat' dir='ltr'><strong>ma.</strong></span> <span class='ocrx_word' id='word_1_213' title='bbox 292 3837 314 3870; x_wconf 76' lang='lat' dir='ltr'><strong>c.</strong></span> <span class='ocrx_word' id='word_1_214' title='bbox 333 3818 376 3869; x_wconf 82' lang='lat'><strong>13.</strong></span> 
     </span>
    </p>
   </div>
   <div class='ocr_carea' id='block_1_3' title="bbox 123 3912 1071 4079">
    <p class='ocr_par' dir='ltr' id='par_1_5' title="bbox 123 3912 1071 4079">
     <span class='ocr_line' id='line_1_32' title="bbox 125 3912 377 3982; baseline -0.004 -18"><span class='ocrx_word' id='word_1_215' title='bbox 125 3914 172 3982; x_wconf 85' lang='grc' dir='ltr'><strong>(ι)</strong></span> <span class='ocrx_word' id='word_1_216' title='bbox 205 3912 273 3966; x_wconf 68' lang='lat' dir='ltr'><strong>lbra</strong></span> <span class='ocrx_word' id='word_1_217' title='bbox 293 3932 315 3965; x_wconf 70' lang='grc' dir='ltr'><strong>ο.</strong></span> <span class='ocrx_word' id='word_1_218' title='bbox 335 3914 377 3965; x_wconf 83' lang='grc' dir='ltr'><strong>ιι.</strong></span> 
     </span>
     <span class='ocr_line' id='line_1_33' title="bbox 123 4005 1071 4079; baseline -0.007 -19"><span class='ocrx_word' id='word_1_219' title='bbox 123 4005 169 4075; x_wconf 81' lang='grc'><strong>(5)</strong></span> <span class='ocrx_word' id='word_1_220' title='bbox 203 4009 230 4058; x_wconf 89' lang='lat' dir='ltr'><strong>L.</strong></span> <span class='ocrx_word' id='word_1_221' title='bbox 249 4009 286 4072; x_wconf 74' lang='lat' dir='ltr'><strong>V⁷</strong></span> <span class='ocrx_word' id='word_1_222' title='bbox 306 4027 328 4058; x_wconf 90' lang='lat' dir='ltr'><strong>c.</strong></span> <span class='ocrx_word' id='word_1_223' title='bbox 348 4009 449 4071; x_wconf 81' lang='grc'>9-13,</span> <span class='ocrx_word' id='word_1_224' title='bbox 469 4024 499 4059; x_wconf 85' lang='lat' dir='ltr'><strong>cx</strong></span> <span class='ocrx_word' id='word_1_225' title='bbox 519 4024 569 4076; x_wconf 92' lang='lat' dir='ltr'><strong>quo</strong></span> <span class='ocrx_word' id='word_1_226' title='bbox 589 4007 643 4059; x_wconf 86' lang='lat' dir='ltr'><strong>loco</strong></span> <span class='ocrx_word' id='word_1_227' title='bbox 662 4009 738 4060; x_wconf 88' lang='lat' dir='ltr'><strong>ctiam</strong></span> <span class='ocrx_word' id='word_1_228' title='bbox 748 4008 1071 4079; x_wconf 77' lang='lat' dir='ltr'><strong>sequeutiacrccrptamut.</strong></span> 
     </span>
    </p>
   </div>
   <div class='ocr_carea' id='block_1_4' title="bbox 962 4097 994 4160">
    <p class='ocr_par' dir='ltr' id='par_1_6' title="bbox 962 4097 994 4160">
     <span class='ocr_line' id='line_1_34' title="bbox 962 4097 994 4160; baseline 0 0"><span class='ocrx_word' id='word_1_229' title='bbox 962 4097 994 4160; x_wconf 76' lang='lat' dir='ltr'><strong>lt.</strong></span> 
     </span>
    </p>
   </div>
   <div class='ocr_carea' id='block_1_5' title="bbox 0 0 1438 5017">
    <p class='ocr_par' dir='ltr' id='par_1_7' title="bbox 0 0 1438 5017">
     <span class='ocr_line' id='line_1_35' title="bbox 0 0 1438 5017; baseline 0 5"><span class='ocrx_word' id='word_1_230' title='bbox 0 0 1438 5017; x_wconf 95' lang='lat' dir='ltr'><strong> </strong></span> 
     </span>
    </p>
   </div>
  </div>
 </body>
</html>
