2867 5017
574 375 634 439 too

17 617 18 670 ,
118 578 303 635 ωιῑαιιβιιιη
326 570 392 642 est,
427 565 592 649 utrimque
617 567 652 631 in
672 565 954 651 reprelieasionem
974 568 1086 635 incur-

117 698 185 742 rere
214 674 372 739 rationem
397 671 643 759 pragmaticam.
682 674 776 739 lianc
804 674 890 739 enim
914 678 1088 741 mximam

17 811 18 836 a
117 804 157 847 ac
175 781 364 868 primariam
384 778 516 842 historia
536 778 636 843 habet
654 779 845 857 utilitatem,
874 782 968 867 quod
988 781 1086 847 uber-

17 913 18 918 *
116 892 229 954 rimam
248 886 414 974 cogitandi
433 888 600 951 materiem
617 886 771 973 praehet,
796 908 898 973 quarn
914 887 1085 953 hanricus

17 1009 18 1070 t
113 1016 324 1082 nequaquam
344 996 528 1083 praeripiat
543 995 691 1072 lecturis,
723 1014 783 1071 ne,
816 1004 1006 1079 argaunento
1026 1016 1095 1059 suo=

115 1105 209 1169 nimis
231 1102 402 1179 exhausto,
435 1112 493 1167 aut
519 1102 601 1167 nilu'l
628 1102 692 1166 illis
710 1111 769 1167 aut
790 1116 909 1188 parum
930 1112 1018 1167 certe
1035 1122 1087 1167 re·

17 1239 18 1310 j
116 1211 270 1296 linquat.-
290 1210 375 1273 Nam
393 1210 488 1295 quod
506 1211 542 1274 in
561 1209 735 1296 proverbio
755 1220 819 1287 est,
850 1218 960 1274 ortem
972 1208 1088 1295 sasti-

116 1319 169 1383 dii
183 1318 354 1405 potierrdi
372 1317 464 1383 hanc
482 1338 575 1394 esse,
598 1324 638 1381 att
657 1320 772 1382 omme
793 1318 907 1394 mcor,
932 1317 967 1381 id
988 1320 1087 1385 veris·

17 1505 18 1508 *
116 1427 194 1491 nme
213 1434 260 1489 rest
282 1425 417 1491 dictum.
454 1425 670 1511 Quicunque
687 1426 787 1512 igitur
805 1426 840 1489 in
860 1424 1034 1491 scribendo
1054 1439 1087 1493 ct

17 1555 18 1558 ¹
115 1532 271 1618 prodam
297 1533 375 1597 velit
395 1544 428 1597 et
448 1533 629 1608 delectare,
662 1532 727 1596 hoc
750 1542 843 1619 agat,
869 1532 955 1598 hanc
976 1554 1090 1601 curam

115 1639 257 1718 habeat,
291 1651 327 1705 nt
356 1642 481 1727 singula
508 1640 643 1725 quidem
663 1643 837 1727 perspicue
857 1654 1016 1727 exponat,
1049 1664 1091 1709 ac

17 1761 18 1830 s
115 1745 287 1833 diligenter
304 1747 472 1834 explicet,
502 1767 565 1811 nec
590 1755 701 1809 tamen
727 1747 893 1811 recolendi
914 1750 1092 1817 lectoribus

116 1873 160 1917 ac
176 1856 270 1939 quasi
289 1852 475 1917 ruminandi
495 1854 628 1938 copiam
647 1853 784 1919 auferet.

159 1960 277 2045 Neque
304 1978 382 2023 vero
408 1959 492 2021 illud
526 1957 764 2021 admittendum
794 1960 864 2023 ullo
891 1963 991 2027 modo
1018 1977 1086 2043 est,

116 2068 218 2156 quod
232 2065 420 2153 'argaamenti
441 2065 516 2128 loco
534 2064 741 2150 protulerunt
762 2068 928 2145 nonnulli,
953 2090 993 2133 ex
1008 2072 1091 2137 eius·

115 2174 225 2239 modi
242 2173 615 2261 digressionibusgigni
643 2174 804 2238 sanctatis
833 2175 1092 2245 delectationem.

117 2284 190 2348 Nae
208 2282 264 2346 ille
284 2280 503 2345 misericordia
525 2280 665 2367 indiget,
688 2282 749 2367 qui
770 2282 935 2349 historiam
955 2308 1094 2375 compo-

117 2393 255 2467 m'turus‚
292 2390 349 2453 tali
378 2388 480 2452 m'odo
502 2389 711 2473 scriptionem
732 2389 869 2453 condire
887 2412 1015 2457 neaerae
1035 2395 1096 2459 ha·

119 2497 215 2575 beat,
239 2517 301 2562 nec
319 2509 392 2559 eam
409 2495 487 2580 ipsis
502 2493 604 2575 rebus·
619 2496 696 2559 setis
712 2505 770 2560 aut
781 2506 913 2583 gmtem
934 2509 990 2562 aut
1007 2502 1095 2565 lectu

119 2604 300 2669 iucundam
316 2602 453 2665 reddere
473 2601 584 2687 posm't.

164 2711 205 2773 Et
244 2709 309 2773 hoc
348 2718 495 2771 teneatur
529 2715 718 2791 praeterea,
753 2707 886 2771 difficile
918 2709 1095 2777 admodum

120 2821 224 2900 esse,
244 2816 278 2880 in
302 2815 469 2878 laudando
490 2823 547 2877 ant
566 2814 784 2900 vituperando
810 2834 935 2901 semper
956 2836 988 2880 se
1009 2818 1095 2882 intra

121 2923 265 2989 veritatis
278 2921 394 2984 limites
413 2919 592 3004 prudenter
610 2922 784 2985 continere.
830 2922 913 2985 Nam
935 2925 1096 3007 quumita

121 3033 190 3095 lere
206 3031 272 3094 hoc
294 3050 396 3116 geniis
420 3037 647 3113 comparatum
663 3048 729 3091 esse
749 3030 865 3105 soleat,
891 3040 928 3092 ut
946 3030 1043 3093 lacile
1063 3033 1093 3094 ei

121 3138 284 3225 profusius
302 3136 522 3223 indulgeatur,
545 3136 684 3200 invitum
696 3136 930 3223 saepeabripit
948 3136 1092 3202 seriben-

123 3259 192 3311 tem
217 3257 317 3330 atque
342 3264 363 3307 a
387 3253 478 3307 reeta
500 3243 555 3309 via
573 3243 720 3311 deducit.
765 3245 859 3310 Unde
884 3245 1094 3311 metuendum

124 3363 194 3429 est,
227 3372 270 3415 ne
300 3350 463 3413 incitatior
499 3349 693 3436 disputantia
734 3353 860 3415 manus
892 3362 949 3417 aut
984 3354 1102 3437 turpia·

123 3459 420 3545 reddatitnrpiora,
445 3468 502 3521 aut
522 3460 692 3545 praeclara
709 3460 953 3546 supramodum
973 3458 1096 3525 efferat.

125 3568 226 3652 Quod
245 3568 332 3632 idem
352 3566 387 3629 in
407 3565 586 3653 legentibus
606 3567 713 3631 minus
735 3568 1007 3632 extimescendum
1024 3577 1092 3643 est,

125 3695 267 3763 quorum
300 3684 337 3738 ut
367 3676 493 3739 animus
520 3677 681 3753 sedatior,
713 3678 759 3739 ita
790 3678 948 3741 iudicium
980 3679 1101 3741 lentius

17 3821 18 3864 ῃ
124 3785 318 3870 plerumque
335 3783 395 3845 erit
417 3790 462 3847 a'c‘
477 3783 683 3847 moderatius.
713 3784 868 3865 Accedit,
892 3786 986 3872 qnod
999 3804 1097 3872 saepe

126 3892 239 3956 intuli
263 3892 378 3957 iudicii
398 3893 615 3978 explicatione
643 3893 685 3956 de
704 3894 742 3957 iis
764 3894 860 3959 rebus
888 3896 1096 3960 statuendum

17 4015 18 4090 l
128 4012 192 4079 est,
226 4000 260 4067 iu
279 4000 401 4087 qadbus
420 4003 527 4065 murus
547 4004 662 4066 versati
684 4023 750 4066 esse
770 4006 872 4070 solent
891 4002 1095 4067 historiarum
