2867 5017
606 408 668 473 147

143 605 204 669 bus
232 604 380 668 tenuiora
409 598 483 666 sunt
505 600 643 665 aliorum
665 600 855 665 testimonia.
897 600 990 666 Unde
1012 622 1115 690 appa·

142 722 213 789 ret,
245 732 285 775 ex
303 712 378 798 ipso
401 710 477 787 itio,
500 729 601 797 quern
619 718 748 773 secutus
769 719 835 786 est,
861 699 1024 773 scribendi
1044 728 1116 773 mo·

142 840 202 895 re,
233 818 442 905 quantumvis
470 815 512 881 ab
533 816 666 881 historia
687 817 794 880 alieno
815 825 846 881 et
869 814 1117 903 reprehensione

143 926 264 1012 digno,
287 925 550 1012 insigniatamen
568 923 663 988 nobis
676 923 721 987 ad
735 924 899 987 literarum
919 921 1025 987 studio
1036 942 1115 1009 pro·

141 1032 230 1099 fecta
250 1053 318 1097 esse
337 1033 565 1098 emolumenta.
599 1033 670 1096 ileo
691 1032 790 1118 igitur
811 1040 845 1093 et
865 1030 991 1093 aliisex
1011 1031 1114 1115 pasti-

141 1138 205 1204 bua
224 1160 284 1204 sua
300 1138 400 1204 lande
414 1138 531 1206 floreat
551 1138 719 1225 Polybius,
745 1146 778 1200 at
796 1135 915 1201 habeat
935 1134 1113 1215 neminem,

20 1283 21 1330 p
140 1246 201 1331 qui
221 1247 321 1333 ipsios
340 1267 453 1315 nonna
475 1250 510 1315 in
532 1248 683 1315 historiae
704 1246 879 1332 scriptione
899 1256 1019 1312 utatur.

528 1479 724 1549 '⁴0⁸⁶—

527 1703 659 1762 merto
676 1698 728 1761 nt

162 1888 243 1930 rrrro
260 1888 363 1949 rotun
383 1890 552 1935 rueaarrcr
571 1890 626 1933 coa
645 1890 760 1931 rarorum
779 1891 891 1933 arrronr
911 1890 1091 1937 contrusa.

525 2306 714 2371 herodoti.

182 2497 284 2593 Post
304 2544 361 2601 ea,
386 2542 472 2609 quae
497 2540 597 2608 supra
619 2520 662 2585 de
684 2531 752 2585 toto
778 2522 842 2585 hoe
865 2522 1014 2591 historiae
1034 2531 1112 2596 sori-

139 2635 268 2699 bendae
288 2652 404 2720 genere
421 2632 523 2697 fusius
543 2639 618 2694 sunt
639 2629 822 2715 explicata,
848 2631 882 2693 in
903 2630 996 2707 hae„
1012 2653 1113 2718 quarn

20 2799 21 2820 r
139 2740 333 2829 aggredior,
365 2736 609 2823 comparatione
638 2735 743 2802 brevis
769 2756 834 2801 esse
863 2747 988 2823 potero.
1031 2741 1113 2821 Qui.

138 2868 285 2936 cumque
305 2845 391 2911 enim
411 2844 648 2931 pragmaticam
667 2843 794 2930 Polybii
812 2845 970 2911 rationem
989 2850 1113 2935 impro-

135 2957 281 3022 bandam
311 2973 379 3019 esee
402 2960 533 3026 censet,
564 2949 609 3014 ob
629 2969 768 3037 eamque
794 2972 925 3019 eausam
946 2967 1113 3023 auctorem

136 3062 367 3153 reprehendit,
402 3060 430 3123 is
459 3077 527 3124 non
553 3068 659 3143 potest
687 3059 770 3142 quin
791 3059 929 3145 Polybio
946 3051 1113 3147 'praeferat

20 3157 21 3164 '
137 3171 324 3246 historicos,
349 3171 409 3255 qui
429 3187 468 3231 ea
486 3164 612 3231 ratione
630 3166 678 3231 uai
697 3186 764 3238 non
785 3169 857 3231 sint.
889 3167 987 3248 Quod
1007 3170 1114 3257 ipsum

132 3300 229 3350 ,nune
247 3279 289 3342 de
305 3278 471 3343 Herodoto
489 3272 696 3339 statuendum
712 3276 849 3344 videtur.
873 3277 934 3341 liic
953 3278 1039 3341 enim
1048 3279 1111 3343 Po-

135 3386 263 3472 lyhium
292 3389 326 3451 in
352 3410 391 3453 eo
418 3387 597 3473 superarit,
628 3387 722 3472 quod
744 3388 843 3451 unieo
862 3388 1015 3455 narrandi
1037 3389 1110 3453 offi-

138 3495 192 3559 eio
212 3495 275 3557 fuit
296 3506 480 3572 contentus,
498 3516 607 3581 neque
621 3496 744 3581 seipse
765 3495 915 3562 historiae
933 3498 1008 3582 plus
1027 3497 1110 3563 iusto

136 3603 320 3667 immiserit.
357 3601 456 3682 Quod
478 3611 587 3666 temen
607 3600 740 3665 nonita
763 3600 856 3678 dico,
887 3622 927 3666 ae
948 3605 974 3667 si
995 3604 1110 3690 quavis

137 3732 178 3777 ex
193 3722 287 3799 parte
305 3710 471 3775 herodoto
484 3708 729 3795 postponendus
742 3720 823 3773 esset
832 3710 996 3797 Polybius.
1020 3711 1108 3777 Seri-

136 3818 235 3883 bendi
258 3829 345 3883 eerte
372 3818 531 3884 rationem
558 3825 687 3881 secutus
716 3824 762 3879 est
783 3816 874 3881 haud
894 3819 940 3885 ita
960 3828 1103 3893 rectem,

135 3927 193 3991 sed
220 3929 376 4018 gravitate
406 3947 515 3991 rursus
536 3934 567 3991 et
589 3925 745 3991 iaerrltate
772 3926 884 3993 critica
909 3927 1108 3996 Herodotum

135 4046 207 4122 post
235 4058 267 4101 se
299 4036 440 4123 reliquit.
484 4033 545 4100 liic
571 4033 655 4102 enim
684 4034 721 4097 iis
742 4033 868 4101 vivebat
890 4032 1105 4119 temporibus,

960 4137 1030 4205 10³⁶.
