2867 5017
621 395 646 458 3

147 592 332 679 lopoemen,
356 591 563 658 Achaeorum
587 603 739 681 praetor,
762 594 812 657 rir
832 611 977 677 magnus.
1013 591 1112 657 Cuius

145 699 313 787 disciplina
332 709 363 762 et
378 699 612 764 consuetudine
629 701 686 764 diu
700 699 763 762 lrui
778 699 871 762 licuit
888 698 1025 784 Polybio
1043 699 1111 787 (l),

143 806 261 891 cuique
290 815 357 870 tam
386 806 477 869 arcto
501 807 583 892 grati
611 807 709 870 animi
738 806 871 870 vinculo
900 816 969 868 eret
997 806 1114 869 obstri-

144 923 226 989 ctus,
251 923 289 976 ut
309 913 344 976 iu
364 914 433 976 eius
452 915 610 1000 exsequiis
632 935 765 990 urnam
789 934 878 999 quae
897 914 1046 978 defuncti
1068 915 1114 977 ci·

143 1040 230 1083 neres
248 1021 453 1100 continebat,
470 1023 539 1109 ipse
555 1023 730 1109 portavisse
746 1019 1114 1108 dimem(2)1t0sigi·

27 1129 28 1168 ³
143 1137 193 1191 tur
218 1127 340 1192 mirum
367 1139 434 1207 est,
467 1129 620 1194 eximium
646 1140 764 1194 natura
792 1129 962 1206 iuuenem,
998 1125 1116 1193 talibrn

142 1234 409 1322 praeceptoribus
430 1247 545 1314 usum,
570 1246 697 1300 mature
717 1236 784 1299 in'n
803 1244 836 1298 et
856 1232 933 1298 belli
954 1236 1114 1324 pacisque

140 1344 258 1408 artimn
285 1344 410 1407 factum
431 1358 497 1409 esse
519 1345 745 1429 peritissimum
769 1353 802 1406 et
823 1343 938 1408 adres
958 1342 1115 1430 gerendas

142 1451 350 1538 aptissimus}-
386 1451 520 1532 Quare
547 1451 684 1528 accidit,
714 1461 768 1527 ut,
795 1467 873 1513 eum
892 1470 956 1535 per
974 1457 1112 1514 aetatem

141 1558 183 1622 ed
200 1579 272 1622 rem
293 1557 463 1644 publicam
484 1557 641 1622 accedere
662 1557 955 1642 nondum'posset,
986 1556 1115 1621 veniam

139 1671 298 1730 enormia
317 1664 348 1728 ei
365 1663 576 1727 decernerent
597 1661 738 1738 Achaei,
763 1681 905 1748 eumque
924 1681 1003 1726 cum
1021 1671 1114 1748 patre

140 1774 281 1858 laycos-te
296 1783 327 1836 et
342 1772 443 1838 Arato
454 1771 498 1835 ad
508 1771 729 1834 Ptolemaeum
739 1769 958 1854 Epiphanem
970 1769 1113 1856 Aegypti

140 1899 267 1967 rogem,¹
292 1881 434 1966 legatum
454 1878 615 1941 mitterent
638 1874 700 1962 (3).
734 1874 763 1940 A
785 1896 854 1960 quo
874 1886 1020 1964 ternpore
1041 1899 1112 1942 ma·

137 1988 182 2073 gis
202 1987 376 2072 nisgisque
408 1987 600 2049 auctoritate
630 1983 735 2069 apud·
749 2003 823 2046 satos
842 1986 964 2060 erevit,
987 1987 1109 2071 iisque,

136 2105 303 2181 qnantmn
321 2092 458 2155 maxime
479 2099 603 2177 posset,
628 2099 659 2153 et
674 2088 817 2153 dicendo
834 2099 868 2153 et
886 2091 1014 2177 agendo
1029 2108 1114 2176 ‘prc-

27 2227 29 2284 ι
134 2199 225 2264 deme
244 2199 384 2276 studuit3
404 2197 589 2282 quodcum
607 2196 716 2260 multis
737 2195 866 2262 indiciis
883 2207 1022 2275 constet,
1044 2207 1114 2262 tum

137 2307 200 2372 hoc
217 2328 289 2371 non
308 2307 477 2370 minimum
493 2305 692 2370 censendum
713 2315 777 2382 est,
803 2306 896 2392 quod
918 2314 1033 2370 auctor
1049 2305 1112 2370 tuit

27 2449 29 2494 ς
136 2415 276 2480 Achaeis
289 2413 426 2478 salubris
441 2412 581 2489 consilii,
598 2411 680 2476 utin
695 2411 782 2474 bello
793 2411 1018 2476 Romanorum
1033 2433 1110 2477 cum

135 2522 252 2588 Perseo
277 2542 386 2607 neque
414 2521 519 2598 hunc,
537 2532 656 2606 'neque
683 2520 756 2584 illos
775 2521 939 2598 iuvarent,
958 2520 1030 2584 sed
1049 2519 1110 2584 sihi

27 2631 28 2636 ’
134 2627 268 2714 susque
288 2627 512 2712 prospicerent
536 2624 598 2713 (d).

176 2736 252 2802 llox
290 2733 351 2800 sub
382 2733 534 2820 Archene
566 2743 716 2820 praetore
748 2736 898 2820 equitum
925 2735 1109 2819 praefectus

27 2927 28 2942 χ
136 2852 264 2905 oreatus
285 2851 331 2904 est
354 2838 424 2927 (5),
458 2849 489 2902 et
511 2859 588 2902 curn
609 2849 700 2902 tanta
720 2841 865 2902 omnium
894 2841 1107 2904 admiratione

134 2949 330 3035 singularem
360 2948 407 3010 rei
434 2944 579 3009 militaris
611 2943 760 3028 peritiam
789 2944 947 3024 ostendit,
979 2956 1016 3009 ut
1044 2946 1105 3035 ipsi

158 3269 201 3338 (1)
232 3265 377 3321 Plutarchus
393 3266 419 3318 iu
436 3264 502 3318 libro
526 3265 570 3318 An
596 3265 660 3316 serti
682 3262 809 3336 gerenda
834 3267 873 3318 sr't
893 3283 968 3338 resp.
987 3283 1012 3337 p
1032 3265 1097 3317 791.

134 3360 244 3434 Paneetii
268 3358 346 3430 §toiri
372 3357 521 3430 discipulum
550 3359 624 3412 fuisse
653 3358 784 3426 Polybium
813 3359 943 3412 contendit
971 3357 1100 3413 Fabricius

133 3456 156 3508 iu
174 3452 253 3516 Bitl.
266 3453 314 3529 Gr.
324 3451 378 3505 Vol.
394 3452 436 3518 ll,
455 3469 480 3522 p.
491 3451 544 3502 406
564 3457 628 3504 extr.
648 3458 674 3500 et
693 3449 767 3516 409,
783 3451 866 3503 minus
881 3458 954 3503 reete
972 3451 1099 3505 intellecto

131 3547 224 3600 Saldae
244 3545 318 3612 looo²
337 3551 364 3596 ut
374 3541 483 3601 ernudit
498 3540 764 3610 Schweighaeuserus,
783 3539 837 3597 Vol.
848 3543 888 3609 ll,
906 3547 960 3616 pe
977 3546 1097 3598 inauret

130 3641 215 3714 lleque
235 3640 285 3692 hoc
302 3631 360 3693 eum
377 3614 517 3708 temporum
535 3637 631 3688 ratione
655 3637 779 3690 convenit.

155 3735 198 3808 (A)
227 3733 372 3788 Plutarchus
390 3730 545 3802 inPlu'lop.
565 3748 591 3802 p.
610 3723 673 3782 368.

153 3831 197 3900 (s)
226 3828 360 3898 eorpus,
379 3827 395 3878 ι.
414 3811 501 3890 xxv,
520 3843 542 3876 ι.
563 3825 586 3874 r.
