2867 5017
792 349 836 413 tt

321 552 413 618 ereo
432 547 566 635 quidem
587 547 662 608 loco
682 543 882 630 singularum
903 543 1083 608 civitatium
1100 564 1179 610 cum
1197 551 1299 614 virtu.

323 669 456 726 testum
476 655 553 721 vitia
574 661 783 717 recensentur
804 671 844 712 ac
862 649 1108 735 ponderantur,
1133 654 1224 718 {mdc
1240 677 1298 742 ap.

320 775 449 855 pareat,
474 771 599 847 quanta
621 760 660 822 sit
678 759 713 822 in
732 779 770 822 aa
785 778 821 820 re
841 757 1068 822 Romanorum
1087 764 1295 845 praestantia.
1410 764 1411 841 ,

321 876 469 956 Quorum
491 869 603 933 laudes
622 878 653 930 et
673 866 820 952 alioquin
839 885 977 952 magnae
1001 876 1097 942 sunt,
1128 877 1163 929 et
1181 869 1218 932 in
1234 870 1298 935 hoc
1358 909 1363 916 -
1410 880 1411 909 ³

320 975 508 1064 praesertim
527 981 737 1059 spectantur,
772 971 866 1055 quod
894 971 1114 1036 adolescentes
1134 977 1301 1041 acerrimis

318 1085 454 1150 stimulis
474 1081 519 1146 ad
548 1081 718 1166 praeclara
740 1099 894 1164 quaeque
914 1078 1070 1154 incitent,
1106 1100 1148 1142 ac
1169 1082 1300 1165 quidvis

320 1211 382 1280 pro
402 1191 527 1275 patriae
544 1185 647 1249 salute
665 1186 735 1272 pati
753 1185 914 1262 doceant,
937 1185 1031 1248 euius
1038 1185 1086 1247 rei
1101 1196 1135 1249 et
1152 1189 1210 1252 elii
1220 1210 1298 1276 per·

320 1297 415 1360 multi
432 1294 554 1358 indicio
571 1295 717 1370 luerunt,
743 1304 776 1357 et
797 1295 948 1357 Horatius
964 1294 1019 1356 ille
1039 1292 1156 1360 Cocles
1176 1298 1300 1362 illustre

319 1406 398 1470 olim
418 1403 601 1488 exemplum
619 1402 732 1467 edidit.
778 1402 878 1466 Porro
897 1401 1088 1466 abstinentia
1105 1412 1138 1466 et
1158 1405 1296 1493 integri-

312 1521 386 1593 tate
406 1511 520 1574 ceteris
539 1510 688 1576 omnibus
709 1511 908 1575 antecellunt
926 1510 1068 1574 Romani
1090 1508 1162 1596 (l),
1191 1523 1226 1576 et
1246 1535 1298 1577 re.
1410 1512 1411 1533 ³

318 1618 445 1705 ligionis
465 1615 733 1682 observantissimi
752 1626 837 1680 srmt.
873 1616 941 1679 Nec
961 1617 1080 1680 mirum
1097 1627 1161 1694 est,
1186 1621 1298 1683 eosad

317 1734 386 1788 tam
410 1722 572 1810 egregiam
594 1722 734 1788 civitatis
763 1723 903 1784 formam
932 1722 1132 1807 pervenisse,
1165 1725 1298 1811 quippe

319 1832 374 1894 cui
390 1825 617 1894 emendandae
636 1829 682 1892 ita
703 1829 793 1915 vigili
816 1849 944 1915 semper
961 1830 1069 1892 studio
1089 1841 1233 1894 mentem
1242 1832 1295 1896 in-

316 1936 472 2014 tendant,
508 1946 544 2002 ut
565 1937 733 2022 quidquid
753 1936 845 2024 apud
864 1937 946 2000 alios
965 1939 1120 2023 pulcrarm
1139 1939 1295 2024 praeola-

316 2065 455 2129 rumque
472 2044 673 2130 repererint,
696 2044 731 2106 in
752 2063 827 2106 suos
850 2064 926 2106 usus
947 2046 1118 2110 transferre
1137 2068 1208 2110 non
1231 2047 1295 2110 du·

316 2151 440 2216 bitent:
463 2149 584 2228 dyudol
606 2154 689 2233 γὰρ,
723 2154 751 2213 εἷ
771 2153 827 2215 καί
844 2175 929 2226 τινες
951 2152 1075 2235 ἕτεροι,
1097 2155 1294 2241 μεταλαβεῖν

317 2253 381 2334 ἔθη
393 2301 403 2332 ,
438 2254 492 2314 stul
516 2250 653 2334 ζηλῶσαι
676 2256 711 2318 τὸ
732 2252 861 2339 βέλτιον
883 2258 914 2318 οἱ
934 2255 1089 2338 Ῥωμαῖοι
1114 2260 1178 2349 (2)

359 2365 425 2428 llas
443 2375 551 2430 autem
569 2378 600 2430 et
618 2367 696 2432 alias
713 2369 937 2434 Romanorum
954 2371 1071 2434 laudes
1085 2395 1294 2460 quemquam
1410 2404 1411 2407 ¹

313 2495 381 2538 non
401 2495 468 2539 uno
489 2475 563 2538 loeo
594 2477 795 2562 praedicavit
826 2478 998 2561 Polybius,
1034 2480 1097 2541 alia
1126 2489 1238 2544 tannen
1258 2485 1295 2546 in

313 2580 353 2644 iis
373 2578 516 2642 habebat
543 2581 822 2667 reprehendenda.
869 2583 945 2661 Sic,
980 2595 1017 2649 ut
1044 2605 1149 2649 unce
1172 2589 1294 2673 paneis

311 2687 462 2772 exemplo
478 2685 655 2776 defungar,
685 2692 792 2777 carpit
809 2691 931 2755 alicubi
951 2693 1084 2756 nimiam
1100 2705 1290 2780 quaerant,

315 2794 503 2883 praesertim
523 2796 559 2860 in
578 2797 675 2862 rebus
694 2798 881 2875 maritimis,
907 2798 1080 2862 audaciam
1098 2821 1138 2864 ae
1154 2800 1221 2865 lere
1240 2811 1290 2864 te·

311 2906 516 2984 meritatem3
549 2927 636 2991 quae
666 2907 724 2969 etsi
750 2928 847 2992 saepe
876 2907 1004 2971 afflictis
1030 2911 1290 2994 inexspectatum

312 3012 501 3100 praebuerit
512 3014 651 3088 exitum,
674 3014 801 3096 saepius
816 3023 924 3076 tamen
934 3015 1050 3076 nocuit
1060 3014 1287 3092 vehementer,

311 3143 371 3196 ac,
395 3122 456 3182 nisi
478 3119 609 3182 meliora
628 3127 819 3198 sequantur,
839 3119 873 3180 in
891 3129 1056 3203 postorum
1073 3120 1204 3184 nocebit
1222 3123 1289 3209 (3).

309 3230 351 3292 Et
369 3227 512 3289 similiter
534 3220 610 3284 alibi
629 3218 670 3281 de
697 3221 883 3304 pervicacia
915 3225 1141 3290 Romanorum
1172 3228 1286 3316 dispu.

314 3347 402 3413 tans,
437 3331 544 3396 ''ldtcr
566 3331 625 3413 γὰρ
646 3331 761 3408 τοῦτο,
792 3331 922 3417 inquit,
952 3337 1058 3417 πάντῃ
1089 3338 1176 3418 παρὰ
1201 3335 1287 3400 Ῥω.

313 3447 420 3527 palca,-
440 3443 517 3516 teor
537 3445 592 3504 eat
614 3441 748 3521 πάτριόν
770 3440 859 3518 ἐστι,
882 3441 919 3504 ed
941 3444 1096 3522 suscipis
1114 3447 1170 3517 τὰς
1189 3441 1287 3508 ἐλατ-

307 3597 506 3620 bru—nin·-

341 3672 384 3761 (l)
412 3694 469 3759 Quo
487 3689 588 3742 nomine
613 3695 639 3739 et
663 3687 724 3740 alibi
747 3685 886 3755 aPolybio
903 3687 1051 3758 laudantur,
1079 3690 1182 3746 testibus
1202 3692 1284 3746 allatis

315 3792 343 3860 Ι..
359 3785 508 3860 bemiliomet
524 3786 552 3836 Ρ.
566 3783 689 3852 Scipione.
708 3783 745 3835 Cl.
764 3782 783 3834 l.
800 3783 901 3848 XVlll,
920 3801 943 3837 c.
962 3785 1008 3836 18.

342 3883 385 3952 (ἓ)
411 3879 452 3934 Uti
469 3876 668 3948 supradixerat,
687 3877 704 3929 l.
723 3878 773 3943 Vl,
793 3895 815 3928 c.
834 3877 880 3927 25.

341 3978 383 4046 (3)
410 3979 438 4030 L.
457 3978 485 4042 l,
504 3993 526 4026 c.
545 3974 588 4024 37.
