2867 5017
812 336 874 399 tta

358 528 530 603 aemulari,
569 548 631 593 aec
672 530 757 591 male
793 526 958 613 quaelibet
999 544 1187 619 perpetrata
1217 540 1337 627 tegere

357 638 526 725 prudentis
546 658 612 701 esse
631 637 705 713 viri,
730 656 792 701 nec
813 637 847 699 in
867 635 947 701 faeti
969 638 1194 721 similitudine,
1217 646 1276 711 sed
1299 648 1337 713 in

357 748 456 811 atnmi
491 747 609 810 virtute
645 745 832 809 imitationis
867 744 1000 811 leudem
1032 769 1099 813 esse
1131 755 1334 837 ponendam.
1426 776 1427 821 3

358 852 432 932 Qua
450 851 485 913 in
502 868 537 913 re
551 870 656 935 quum
673 870 770 935 saepe
788 850 833 911 ite
852 849 947 915 fiune
967 865 1143 938 peecatum
1164 863 1337 947 aeceperi-

355 949 457 1035 urus,⁸
477 968 513 1022 ut
540 958 653 1035 multi,
682 957 836 1042 temporis
865 978 905 1021 ae
926 958 992 1023 toci
1013 963 1145 1027 ratione
1159 968 1330 1053 neglecta,
1426 944 1427 1037 i

355 1066 574 1135 scelestissima
600 1086 755 1152 quaeque
783 1067 928 1131 facinora
961 1068 1041 1134 falsa
1071 1071 1195 1136 virtutis
1223 1076 1337 1160 speeie

353 1172 554 1240 investirent:
584 1173 668 1237 illud
697 1173 851 1237 historico
880 1175 1041 1261 praecipit
1067 1176 1226 1265 Borgerus
1255 1180 1331 1269 (1),

355 1291 420 1346 »ut
439 1280 559 1345 doceat
578 1281 759 1358 interdrnn,
791 1283 939 1367 quaesit
960 1304 1073 1349 earum
1090 1306 1214 1362 rerum,
1243 1306 1334 1371 quas
1426 1258 1427 1341 i

355 1398 507 1465 nannet,
539 1408 616 1453 eum
643 1388 758 1453 nostris
782 1389 942 1467 moribus,
975 1392 1146 1470 antimus,
1171 1395 1332 1480 tempori-

356 1497 443 1561 »bus
461 1496 667 1572 coniunctio,
692 1516 780 1581 quae
802 1496 1068 1583 disorepantia.’'·

395 1605 470 1668 Tria
497 1614 588 1680 arnt,
621 1624 710 1690 quae
742 1604 820 1667 huic
849 1603 1062 1689 disputationi
1100 1606 1333 1691 respondenda

349 1734 420 1778 esea
437 1711 588 1775 arbitror.
625 1710 675 1773 Ae
703 1710 846 1795 primum
866 1710 1000 1797 quidem
1020 1732 1149 1787 vereor,
1172 1735 1232 1790 ne,
1257 1715 1285 1777 si
1309 1736 1331 1777 a
1426 1750 1427 1791 p

350 1821 511 1908 scriptore
527 1817 742 1906 postulemus,
767 1827 804 1881 ut
824 1816 975 1883 historiae
995 1817 1119 1887 truetus
1137 1819 1180 1883 ad
1199 1832 1333 1885 nostros

347 1949 457 1995 mores
472 1928 607 2001 referat,
632 1922 678 1987 sio
696 1942 772 1989 eum
790 1922 838 1999 ad¹
850 1933 1052 2009 praesentem
1067 1926 1219 2011 temporis
1239 1928 1329 1991 toci..
1426 1908 1427 1919 ’

351 2060 422 2126 que
449 2035 668 2100 conditionem
698 2032 792 2097 nimis
823 2032 1013 2118 restringere
1041 2032 1219 2099 videaturur.
1262 2036 1329 2098 Per

350 2148 459 2234 ipsum
485 2142 572 2206 enim
591 2139 674 2203 illud
693 2138 894 2224 postulatum
916 2137 999 2215 hoe,
1028 2142 1062 2204 ni
1084 2140 1199 2217 fallor,
1224 2144 1326 2206 sumi.
1426 2156 1427 2183 t

354 2266 424 2333 tur,
451 2253 642 2317 historicum
666 2270 744 2313 suae
773 2258 900 2312 tautum
927 2250 1027 2312 aetati
1053 2251 1185 2336 suisque
1204 2248 1332 2313 civibus

347 2362 502 2429 seribere.
544 2358 714 2443 Atq11i=ea
736 2364 783 2417 est
810 2353 1002 2437 disciptinae
1029 2354 1199 2455 lustorieae
1226 2376 1328 2439 prae·

349 2469 482 2545 stantia,
514 2474 551 2527 ut
578 2483 646 2527 non
672 2460 716 2523 ad
736 2480 837 2521 unam
857 2457 1224 2524 alteramvexhomin'um
1244 2483 1328 2545 par.

351 2588 416 2641 tem
436 2573 613 2659 pertineat,
641 2568 698 2629 sed
717 2574 828 2627 omnes
845 2562 934 2625 oranti
954 2562 1029 2628 loon
1047 2572 1079 2625 et
1101 2572 1248 2647 tempore
1268 2588 1329 2631 ea.
1426 2550 1427 2579 ³

350 2683 426 2746 dem
452 2674 649 2741 institutione
674 2672 936 2757 complectatur„
970 2670 1019 2733 Ex.
1045 2690 1113 2755 quo
1136 2679 1251 2754 sponte
1273 2696 1327 2739 ne-

348 2787 479 2875 quitur‚
507 2783 595 2847 hano
628 2802 786 2846 summam
816 2800 882 2845 esse
910 2780 1076 2867 scriptoris
1105 2779 1254 2858 laudern,
1288 2792 1327 2845 ut

348 2918 417 2963 non
434 2896 530 2961 unius
548 2892 675 2967 aetatis,
693 2911 803 2975 neque
820 2890 915 2953 unius
931 2889 1064 2975 populi,
1082 2887 1138 2954 sed
1158 2888 1320 2965 omnium,

347 3012 515 3091 quotquot
535 3000 660 3085 ubique
681 2998 782 3062 futuri
802 3006 892 3073 sunt,
917 2997 1066 3060 inserviat
1089 2996 1228 3059 utilitati.
1261 2997 1326 3059 Fa·

343 3121 421 3174 teor
439 3114 512 3173 'rem
532 3128 599 3169 esse
619 3105 861 3177 difficillimam,
890 3104 1011 3183 cuique
1035 3102 1090 3163 vir.
1111 3122 1130 3164 a
1151 3121 1327 3185 quoquam
1426 3100 1427 3103 '

342 3213 478 3275 tremine
505 3214 611 3293 plene«
624 3210 723 3294 possit
741 3208 909 3270 'satisfieri
949 3207 1031 3271 seo
1052 3206 1110 3271 uhi
1134 3209 1249 3295 agitur
1281 3213 1324 3275 de
1426 3256 1427 3273 2

346 3334 412 3395 eo‚·
441 3315 531 3403 quid'
555 3315 595 3378 sit
622 3313 803 3400 optimum¹
836 3314 1220 3400 quaerendrmsnrinime
1249 3328 1318 3394 est,
1426 3302 1427 3319 ³

346 3426 449 3512 quain
463 3425 509 3487 »tit
538 3422 671 3487 diffinite
700 3421 745 3485 ad
766 3442 838 3485 eam
865 3422 1137 3508 rumpotinum,
1169 3424 1228 3487 sed
1256 3424 1322 3487 hoe
1426 3422 1427 3473 ἶ

345 3534 461 3611 unice,
482 3531 616 3619 quasit
636 3528 901 3616 perveniendum.
1002 3539 1004 3543 '

388 3638 689 3725 Alterum,1qu0d
728 3636 953 3723 reponendum
988 3636 1114 3714 habeo,
1158 3636 1222 3698 hoe
1250 3645 1315 3711 est,
1426 3614 1427 3691 ff

336 3745 443 3831 -quoti
468 3746 596 3810 nullum
623 3746 721 3811 rideo
751 3747 910 3809 laetorum
934 3762 1059 3831 genus‚·
1082 3742 1319 3829 cuipeculiare

338 3996 342 4021 ,
372 3971 428 4039 aa)
456 3971 483 4021 a.
502 3967 519 4020 ι.
537 3987 561 4039 p.
582 3971 625 4023 ra.
