2867 5017
798 358 860 427 124

343 552 500 639 aperiam.
545 550 619 617 Suis
646 496 752 617 oculis
772 551 860 617 videt
881 549 1057 637 physicus,
1087 574 1323 649 quaecumque

341 679 410 723 non
428 657 686 744 amputantur,
710 678 751 725 es
768 659 803 723 in
825 668 944 724 terram
964 660 1245 744 pronsdecidere3
1269 669 1321 735 vi-

341 766 398 831 det
423 775 626 829 astronomus
643 764 758 830 tumn
779 765 917 831 solemve
943 765 1106 846 deficere;
1139 772 1227 837 ridet
1242 796 1319 839 ,mes

342 872 437 936 dicus
454 880 603 958 aegrotos
621 873 712 958 gravi
733 872 850 938 morbo
862 872 1065 953 laborantem
1089 877 1319 964 scdquaenam

343 979 405 1058 sint
422 998 532 1043 rerum
551 979 684 1043 istarum
705 1000 841 1057 caune,
866 980 950 1045 illud
968 1001 1035 1047 nou
1053 982 1114 1049 uisi
1128 985 1317 1074 indagando

342 1088 471 1175 nasequ
491 1096 639 1173 possunt.
669 1088 741 1151 Hoc
760 1088 860 1174 igitur
876 1108 961 1173 opus
977 1099 1045 1165 est,
1069 1091 1126 1155 hio
1144 1093 1259 1172 labor,
1283 1098 1318 1161 in

340 1216 409 1279 quo
431 1204 500 1259 tota
519 1215 633 1260 eorum
650 1194 821 1282 disciplina
843 1206 1011 1281 tamquam
1032 1197 1074 1261 iu
1094 1200 1228 1265 cardine
1244 1224 1318 1268 rno-

343 1310 446 1366 vetur.
490 1301 534 1365 At
553 1320 622 1367 non
649 1300 736 1366 idem
755 1302 790 1367 in
821 1303 953 1367 historia
979 1304 1087 1381 velet,
1120 1307 1155 1369 in
1173 1330 1248 1395 qua
1265 1330 1316 1373 res

339 1410 430 1497 ipsae
457 1417 490 1472 et
510 1408 725 1495 inquirendae
746 1420 820 1475 sunt
848 1420 881 1475 et
905 1412 1170 1498 cognoscendae,
1204 1436 1314 1502 neque

340 1517 440 1603 igitur
460 1517 640 1602 praecipua
660 1537 741 1583 cura
760 1518 796 1582 in
815 1538 988 1583 causarum
1005 1520 1223 1607 explicatione
1243 1543 1316 1603 rcr-

341 1634 443 1689 satur.
485 1625 554 1689 liae
570 1623 657 1687 enim
676 1644 717 1687 eo
739 1634 868 1689 tantum
888 1627 1022 1691 conulio
1042 1628 1155 1714 agitari
1173 1630 1316 1715 scirique

343 1730 483 1806 debent,
509 1740 546 1794 ut
563 1729 662 1793 rebus
677 1732 874 1797 illustrandis
890 1734 1074 1799 inserviant.
1120 1734 1218 1813 Quod
1228 1736 1316 1799 eius·

341 1838 518 1914 modiesl,
543 1847 580 1902 ut
597 1836 717 1903 ineliis
739 1838 973 1925 disciplinisex
995 1841 1090 1906 rebus
1111 1860 1244 1919 eamn,
1277 1846 1316 1909 in

339 1946 476 2011 nassa
502 1964 580 2011 vero
611 1965 662 2010 res
682 1965 723 2009 ex
755 1946 860 2009 cauus
891 1949 1045 2033 cognosci
1076 1948 1166 2015 haud
1195 1960 1315 2015 temere

341 2054 443 2119 dicos
488 2053 578 2117 llaec
602 2053 688 2117 enim
715 2074 825 2117 rerum
854 2054 988 2118 scientis
1018 2066 1204 2142 spectatur,
1238 2057 1313 2124 illae

341 2180 524 2224 canutum.
569 2158 662 2223 Unde
689 2170 805 2247 sponte
828 2171 981 2247 sppsret,
1016 2183 1084 2227 non
1112 2164 1227 2227 eodem
1259 2184 1313 2229 ees

340 2267 437 2341 loco,
460 2283 524 2329 nec
545 2262 660 2327 eedem
677 2263 853 2351 dignitate,
878 2288 945 2353 qua
964 2266 1071 2331 inillis
1088 2269 1260 2347 truantur,
1280 2271 1313 2334 in

344 2372 408 2437 hac
428 2392 495 2435 esse
514 2370 742 2457 insigniendas.
787 2370 837 2435 Ac
855 2372 896 2437 de
923 2374 1027 2437 causis
1044 2376 1179 2460 quidem
1197 2378 1316 2463 apertis

337 2480 483 2547 dubium
502 2499 570 2544 non
591 2488 654 2556 est,
678 2480 762 2564 quin
778 2479 822 2543 ita
841 2499 891 2543 res
908 2480 969 2543 sirit
989 2480 1190 2547 ordinandae
1207 2504 1315 2569 eoque

288 2635 293 2639 -
337 2589 484 2654 artificio
504 2587 587 2651 inter
609 2606 643 2649 se
669 2585 897 2673 copulandae,
929 2596 965 2650 ut
987 2588 1145 2674 cuiusque
1168 2600 1200 2654 et
1220 2590 1315 2677 origo

342 2708 375 2761 et
394 2697 499 2763 exitus
515 2696 566 2762 rel
586 2714 655 2759 non
674 2704 826 2759 monente
850 2695 1008 2783 scriptore
1027 2708 1208 2784 appareant
1220 2720 1233 2776 ;¹
1259 2699 1317 2763 scd

343 2808 386 2872 de
403 2804 510 2870 dulriis
524 2814 650 2869 tantum
660 2805 766 2869 cauas
788 2814 845 2867 aut
862 2804 1008 2869 obscuris
1022 2816 1091 2869 tota
1108 2806 1191 2872 haec
1209 2825 1312 2890 quae·

337 2915 403 2979 stio
423 2913 634 2997 disceptatur.
659 2910 752 2989 Quae
766 2910 924 2995 quoniam
946 2911 1080 2975 inventu
1102 2911 1313 2975 difficillimae

343 3040 410 3084 ene
433 3019 557 3091 solent,
589 3016 760 3101 praeclare
791 3014 855 3077 hoc
886 3016 1116 3100 praecipiunt,
1147 3018 1236 3093 sitin
1260 3038 1315 3083 eas

343 3124 516 3187 historicus
532 3122 704 3205 diligenter
722 3132 753 3181 et
775 3128 929 3182 accurate
945 3121 1108 3203 inquirat,
1143 3131 1246 3207 utque
1265 3137 1315 3190 et.

344 3227 410 3289 iarn
422 3224 523 3309 ipsius
540 3224 735 3299 auctoritas,
760 3222 819 3285 etsi
829 3230 924 3287 caute
934 3223 1163 3309 ponderanda,
1188 3230 1314 3316 aliquid

344 3340 454 3396 tomen
485 3331 593 3397 valere
623 3332 762 3396 dicatur.
818 3331 884 3395 Sed
916 3342 952 3395 ut
976 3331 1041 3397 hoc
1072 3337 1311 3416 concedamus,

339 3439 487 3507 noudum
506 3438 624 3503 exinde
643 3438 968 3528 necessario-requiri
987 3438 1132 3518 videtur,
1168 3453 1204 3505 ut
1223 3444 1313 3509 ittam

343 3570 515 3614 camanum
536 3547 786 3633 explicationem
818 3544 933 3609 diserte
965 3548 1105 3634 scriptor
1133 3551 1311 3616 namationi

342 3657 487 3729 intexat,
519 3661 577 3716 aut
594 3652 636 3715 de
652 3653 692 3715 iis
710 3650 862 3728 dissuat,
892 3664 1166 3740 argumentoque,
1192 3656 1313 3741 quibus

342 3782 434 3825 suern
450 3759 641 3823 sententiam
656 3768 804 3835 tueatur,
828 3759 863 3822 in
883 3761 1027 3824 medium
1047 3763 1200 3848 proterat.
1224 3764 1311 3829 Bene

343 3867 428 3933 enim
448 3862 681 3929 attendendum
701 3873 768 3941 est,
795 3864 885 3929 aliud
902 3886 966 3928 esse
982 3887 1096 3931 causas
1116 3874 1312 3956 perscrutari

342 3984 374 4036 et
392 3972 616 4037 ratiocinando
636 3973 846 4057 investigere,
881 3974 971 4039 aliud
991 3996 1045 4039 eas
1065 3999 1124 4041 suo
1146 4000 1311 4064 quamque
