<?xml version="1.0" encoding="UTF-8"?>
<!DOCTYPE html PUBLIC "-//W3C//DTD XHTML 1.0 Transitional//EN"
    "http://www.w3.org/TR/xhtml1/DTD/xhtml1-transitional.dtd">
<html xmlns="http://www.w3.org/1999/xhtml" xml:lang="en" lang="en">
 <head>
  <title>
</title>
<meta http-equiv="Content-Type" content="text/html;charset=utf-8" />
  <meta name='ocr-system' content='tesseract 3.04.00' />
  <meta name='ocr-capabilities' content='ocr_page ocr_carea ocr_par ocr_line ocrx_word'/>
</head>
<body>
  <div class='ocr_page' id='page_1' title='image "./specimenliterar00vriegoog_0169.png"; bbox 0 0 2867 5017; ppageno 0'>
   <div class='ocr_carea' id='block_1_1' title="bbox 612 362 674 424">
    <p class='ocr_par' dir='ltr' id='par_1_1' title="bbox 612 362 674 424">
     <span class='ocr_line' id='line_1_1' title="bbox 612 362 674 424; baseline 0.048 -3"><span class='ocrx_word' id='word_1_1' title='bbox 612 362 674 424; x_wconf 84' lang='grc'><strong>149</strong></span> 
     </span>
    </p>
   </div>
   <div class='ocr_carea' id='block_1_2' title="bbox 53 555 1122 963">
    <p class='ocr_par' dir='ltr' id='par_1_2' title="bbox 53 555 1122 963">
     <span class='ocr_line' id='line_1_2' title="bbox 151 555 1121 640; baseline 0 -19"><span class='ocrx_word' id='word_1_2' title='bbox 151 557 286 633; x_wconf 85' lang='lat' dir='ltr'><strong>relicta,</strong></span> <span class='ocrx_word' id='word_1_3' title='bbox 320 557 466 620; x_wconf 89' lang='lat' dir='ltr'><strong>omnium</strong></span> <span class='ocrx_word' id='word_1_4' title='bbox 485 555 610 640; x_wconf 89' lang='lat' dir='ltr'><strong>primus</strong></span> <span class='ocrx_word' id='word_1_5' title='bbox 635 558 730 640; x_wconf 88' lang='lat' dir='ltr'><strong>plene</strong></span> <span class='ocrx_word' id='word_1_6' title='bbox 760 563 791 617; x_wconf 92' lang='lat' dir='ltr'><strong>ct</strong></span> <span class='ocrx_word' id='word_1_7' title='bbox 820 565 932 619; x_wconf 87' lang='lat' dir='ltr'><strong>ornate</strong></span> <span class='ocrx_word' id='word_1_8' title='bbox 953 556 993 617; x_wconf 89' lang='lat' dir='ltr'><strong>de</strong></span> <span class='ocrx_word' id='word_1_9' title='bbox 1025 555 1121 621; x_wconf 86' lang='lat' dir='ltr'><strong>rebus</strong></span> 
     </span>
     <span class='ocr_line' id='line_1_3' title="bbox 150 661 1119 752; baseline -0.001 -25"><span class='ocrx_word' id='word_1_10' title='bbox 150 665 246 752; x_wconf 72' lang='lat' dir='ltr'><strong>gestis</strong></span> <span class='ocrx_word' id='word_1_11' title='bbox 266 663 435 749; x_wconf 85' lang='lat' dir='ltr'><strong>exposuit,</strong></span> <span class='ocrx_word' id='word_1_12' title='bbox 450 667 453 671; x_wconf 71' lang='grc'><strong><em>’</em></strong></span> <span class='ocrx_word' id='word_1_13' title='bbox 467 663 512 725; x_wconf 91' lang='lat' dir='ltr'><strong>ita</strong></span> <span class='ocrx_word' id='word_1_14' title='bbox 532 661 685 745; x_wconf 81' lang='lat' dir='ltr'>Polybius</span> <span class='ocrx_word' id='word_1_15' title='bbox 709 662 909 748; x_wconf 82' lang='lat' dir='ltr'><strong>pestilentem</strong></span> <span class='ocrx_word' id='word_1_16' title='bbox 935 662 1024 725; x_wconf 90' lang='lat' dir='ltr'><strong>illam</strong></span> <span class='ocrx_word' id='word_1_17' title='bbox 1045 662 1119 727; x_wconf 89' lang='lat' dir='ltr'><strong>rhe-</strong></span> 
     </span>
     <span class='ocr_line' id='line_1_4' title="bbox 53 755 1122 856; baseline 0 -21"><span class='ocrx_word' id='word_1_18' title='bbox 53 755 56 772; x_wconf 77' lang='lat'>&#39;</span> <span class='ocrx_word' id='word_1_19' title='bbox 149 771 328 835; x_wconf 82' lang='lat' dir='ltr'><strong>toricorum</strong></span> <span class='ocrx_word' id='word_1_20' title='bbox 349 768 385 832; x_wconf 89' lang='lat' dir='ltr'><strong>in</strong></span> <span class='ocrx_word' id='word_1_21' title='bbox 404 767 536 831; x_wconf 88' lang='lat' dir='ltr'><strong>historia</strong></span> <span class='ocrx_word' id='word_1_22' title='bbox 557 767 763 831; x_wconf 84' lang='lat' dir='ltr'><strong>declamandi</strong></span> <span class='ocrx_word' id='word_1_23' title='bbox 784 767 950 832; x_wconf 81' lang='lat' dir='ltr'>libidinem</span> <span class='ocrx_word' id='word_1_24' title='bbox 970 789 1122 856; x_wconf 73' lang='lat' dir='ltr'><strong>pragma-</strong></span> 
     </span>
     <span class='ocr_line' id='line_1_5' title="bbox 150 873 1122 963; baseline -0.002 -22"><span class='ocrx_word' id='word_1_25' title='bbox 150 879 218 943; x_wconf 91' lang='lat' dir='ltr'><strong>tico</strong></span> <span class='ocrx_word' id='word_1_26' title='bbox 235 898 297 943; x_wconf 80' lang='lat' dir='ltr'><strong>nso</strong></span> <span class='ocrx_word' id='word_1_27' title='bbox 317 876 481 941; x_wconf 87' lang='lat' dir='ltr'><strong>scribendi</strong></span> <span class='ocrx_word' id='word_1_28' title='bbox 503 894 636 963; x_wconf 71' lang='lat' dir='ltr'><strong>genere,</strong></span> <span class='ocrx_word' id='word_1_29' title='bbox 660 876 773 941; x_wconf 89' lang='lat' dir='ltr'><strong>sinon</strong></span> <span class='ocrx_word' id='word_1_30' title='bbox 790 873 903 961; x_wconf 75' lang='lat' dir='ltr'><strong>fregit,</strong></span> <span class='ocrx_word' id='word_1_31' title='bbox 927 882 961 939; x_wconf 90' lang='lat' dir='ltr'><strong>at</strong></span> <span class='ocrx_word' id='word_1_32' title='bbox 976 876 1122 939; x_wconf 89' lang='lat' dir='ltr'><strong>coercuit</strong></span> 
     </span>
    </p>
   </div>
   <div class='ocr_carea' id='block_1_3' title="bbox 23 980 1123 1170">
    <p class='ocr_par' dir='ltr' id='par_1_3' title="bbox 23 980 1123 1170">
     <span class='ocr_line' id='line_1_6' title="bbox 23 980 1117 1072; baseline -0.003 -22"><span class='ocrx_word' id='word_1_33' title='bbox 23 1040 24 1072; x_wconf 59' lang='lat'><strong>,</strong></span> <span class='ocrx_word' id='word_1_34' title='bbox 147 995 258 1051; x_wconf 72' lang='lat' dir='ltr'><strong>umen</strong></span> <span class='ocrx_word' id='word_1_35' title='bbox 277 996 311 1049; x_wconf 89' lang='lat' dir='ltr'><strong>et</strong></span> <span class='ocrx_word' id='word_1_36' title='bbox 332 984 377 1049; x_wconf 89' lang='lat' dir='ltr'><strong>ad</strong></span> <span class='ocrx_word' id='word_1_37' title='bbox 396 985 572 1071; x_wconf 86' lang='lat' dir='ltr'><strong>sapientiae</strong></span> <span class='ocrx_word' id='word_1_38' title='bbox 592 985 736 1048; x_wconf 80' lang='lat' dir='ltr'><strong>hactum</strong></span> <span class='ocrx_word' id='word_1_39' title='bbox 753 982 906 1047; x_wconf 80' lang='lat' dir='ltr'><strong>traduxit.</strong></span> <span class='ocrx_word' id='word_1_40' title='bbox 941 980 1034 1045; x_wconf 90' lang='lat' dir='ltr'><strong>Unde</strong></span> <span class='ocrx_word' id='word_1_41' title='bbox 1047 983 1117 1047; x_wconf 85' lang='lat' dir='ltr'><strong>iure</strong></span> 
     </span>
     <span class='ocr_line' id='line_1_7' title="bbox 23 1088 1123 1170; baseline -0.003 -14"><span class='ocrx_word' id='word_1_42' title='bbox 23 1149 24 1170; x_wconf 18' lang='grc' dir='ltr'>ζ</span> <span class='ocrx_word' id='word_1_43' title='bbox 145 1102 286 1160; x_wconf 75' lang='lat' dir='ltr'><strong>statuere</strong></span> <span class='ocrx_word' id='word_1_44' title='bbox 305 1091 385 1157; x_wconf 87' lang='lat' dir='ltr'><strong>mihi</strong></span> <span class='ocrx_word' id='word_1_45' title='bbox 407 1092 539 1169; x_wconf 74' lang='lat' dir='ltr'><strong>videor,</strong></span> <span class='ocrx_word' id='word_1_46' title='bbox 574 1091 668 1156; x_wconf 90' lang='lat' dir='ltr'><strong>sicuti</strong></span> <span class='ocrx_word' id='word_1_47' title='bbox 686 1090 837 1155; x_wconf 75' lang='lat' dir='ltr'><strong>historiae</strong></span> <span class='ocrx_word' id='word_1_48' title='bbox 855 1098 971 1154; x_wconf 79' lang='lat' dir='ltr'><strong>auctor</strong></span> <span class='ocrx_word' id='word_1_49' title='bbox 991 1088 1123 1153; x_wconf 87' lang='lat' dir='ltr'><strong>dicatur</strong></span> 
     </span>
    </p>
   </div>
   <div class='ocr_carea' id='block_1_4' title="bbox 23 1198 1119 1400">
    <p class='ocr_par' dir='ltr' id='par_1_4' title="bbox 23 1198 1119 1400">
     <span class='ocr_line' id='line_1_8' title="bbox 146 1198 1119 1290; baseline 0 -28"><span class='ocrx_word' id='word_1_50' title='bbox 146 1198 349 1276; x_wconf 89' lang='lat' dir='ltr'><strong>llerodotus,</strong></span> <span class='ocrx_word' id='word_1_51' title='bbox 384 1203 427 1265; x_wconf 85' lang='lat' dir='ltr'><strong>ita</strong></span> <span class='ocrx_word' id='word_1_52' title='bbox 450 1203 519 1267; x_wconf 89' lang='lat' dir='ltr'><strong>eius</strong></span> <span class='ocrx_word' id='word_1_53' title='bbox 536 1203 761 1290; x_wconf 71' lang='lat' dir='ltr'><strong>sospitatorem</strong></span> <span class='ocrx_word' id='word_1_54' title='bbox 780 1198 950 1284; x_wconf 84' lang='lat' dir='ltr'><strong>Polybium</strong></span> <span class='ocrx_word' id='word_1_55' title='bbox 971 1218 1036 1263; x_wconf 88' lang='lat' dir='ltr'><strong>esse</strong></span> <span class='ocrx_word' id='word_1_56' title='bbox 1057 1220 1119 1283; x_wconf 83' lang='lat' dir='ltr'><strong>ap-</strong></span> 
     </span>
     <span class='ocr_line' id='line_1_9' title="bbox 23 1305 346 1400; baseline 0 -31"><span class='ocrx_word' id='word_1_57' title='bbox 23 1335 24 1400; x_wconf 33' lang='grc' dir='ltr'><strong>ἦ</strong></span> <span class='ocrx_word' id='word_1_58' title='bbox 145 1305 346 1393; x_wconf 84' lang='lat' dir='ltr'><strong>pellendum.</strong></span> 
     </span>
    </p>
   </div>
   <div class='ocr_carea' id='block_1_5' title="bbox 524 1525 736 1824">
    <p class='ocr_par' dir='ltr' id='par_1_5' title="bbox 524 1525 736 1824">
     <span class='ocr_line' id='line_1_10' title="bbox 594 1525 668 1611; baseline -0.027 -21"><span class='ocrx_word' id='word_1_59' title='bbox 594 1525 611 1611; x_wconf 66' lang='lat' dir='ltr'><strong>l</strong></span> <span class='ocrx_word' id='word_1_60' title='bbox 635 1528 668 1590; x_wconf 83' lang='lat'><strong>2.</strong></span> 
     </span>
     <span class='ocr_line' id='line_1_11' title="bbox 524 1738 736 1824; baseline -0.005 -22"><span class='ocrx_word' id='word_1_61' title='bbox 524 1738 736 1824; x_wconf 67' lang='lat' dir='ltr'><strong>Thucydidis.</strong></span> 
     </span>
    </p>
   </div>
   <div class='ocr_carea' id='block_1_6' title="bbox 139 1948 1116 3105">
    <p class='ocr_par' dir='ltr' id='par_1_6' title="bbox 139 1948 1116 2251">
     <span class='ocr_line' id='line_1_12' title="bbox 187 1948 1113 2039; baseline 0.005 -20"><span class='ocrx_word' id='word_1_62' title='bbox 187 1955 259 2018; x_wconf 85' lang='lat' dir='ltr'><strong>Iam</strong></span> <span class='ocrx_word' id='word_1_63' title='bbox 275 1948 397 2015; x_wconf 86' lang='lat' dir='ltr'><strong>nemini</strong></span> <span class='ocrx_word' id='word_1_64' title='bbox 422 1948 535 2012; x_wconf 90' lang='lat' dir='ltr'><strong>adhuc</strong></span> <span class='ocrx_word' id='word_1_65' title='bbox 556 1949 694 2012; x_wconf 90' lang='lat' dir='ltr'><strong>dubium</strong></span> <span class='ocrx_word' id='word_1_66' title='bbox 712 1950 781 2013; x_wconf 81' lang='lat' dir='ltr'><strong>iore</strong></span> <span class='ocrx_word' id='word_1_67' title='bbox 800 1949 914 2025; x_wconf 84' lang='lat' dir='ltr'><strong>credo,</strong></span> <span class='ocrx_word' id='word_1_68' title='bbox 940 1957 1038 2039; x_wconf 88' lang='lat' dir='ltr'><strong>quin,</strong></span> <span class='ocrx_word' id='word_1_69' title='bbox 1063 1956 1113 2023; x_wconf 90' lang='lat' dir='ltr'><strong>iu-</strong></span> 
     </span>
     <span class='ocr_line' id='line_1_13' title="bbox 141 2052 1116 2146; baseline 0.003 -22"><span class='ocrx_word' id='word_1_70' title='bbox 141 2062 259 2123; x_wconf 81' lang='lat' dir='ltr'><strong>stitute</strong></span> <span class='ocrx_word' id='word_1_71' title='bbox 287 2052 460 2139; x_wconf 84' lang='lat' dir='ltr'><strong>Polybium</strong></span> <span class='ocrx_word' id='word_1_72' title='bbox 483 2054 568 2117; x_wconf 87' lang='lat' dir='ltr'><strong>inter</strong></span> <span class='ocrx_word' id='word_1_73' title='bbox 588 2063 621 2118; x_wconf 91' lang='lat' dir='ltr'><strong>et</strong></span> <span class='ocrx_word' id='word_1_74' title='bbox 649 2053 875 2140; x_wconf 76' lang='lat' dir='ltr'><strong>Thucydidem</strong></span> <span class='ocrx_word' id='word_1_75' title='bbox 897 2066 1116 2146; x_wconf 86' lang='lat' dir='ltr'><strong>comparatio·-</strong></span> 
     </span>
     <span class='ocr_line' id='line_1_14' title="bbox 139 2161 1113 2251; baseline 0.007 -22"><span class='ocrx_word' id='word_1_76' title='bbox 139 2185 205 2241; x_wconf 86' lang='lat' dir='ltr'><strong>ne,</strong></span> <span class='ocrx_word' id='word_1_77' title='bbox 240 2162 395 2227; x_wconf 82' lang='lat' dir='ltr'><strong>victoriae</strong></span> <span class='ocrx_word' id='word_1_78' title='bbox 423 2162 534 2247; x_wconf 89' lang='lat' dir='ltr'><strong>palma</strong></span> <span class='ocrx_word' id='word_1_79' title='bbox 562 2161 659 2225; x_wconf 87' lang='lat' dir='ltr'><strong>cedat</strong></span> <span class='ocrx_word' id='word_1_80' title='bbox 686 2162 882 2247; x_wconf 84' lang='lat' dir='ltr'><strong>Thucydidi.</strong></span> <span class='ocrx_word' id='word_1_81' title='bbox 927 2166 987 2231; x_wconf 91' lang='lat' dir='ltr'><strong>Hic</strong></span> <span class='ocrx_word' id='word_1_82' title='bbox 1006 2172 1113 2251; x_wconf 91' lang='lat' dir='ltr'><strong>enirn,</strong></span> 
     </span>
    </p>

    <p class='ocr_par' dir='ltr' id='par_1_7' title="bbox 139 2268 1116 3105">
     <span class='ocr_line' id='line_1_15' title="bbox 141 2268 1114 2356; baseline 0.009 -23"><span class='ocrx_word' id='word_1_83' title='bbox 141 2279 180 2333; x_wconf 91' lang='lat' dir='ltr'><strong>ut</strong></span> <span class='ocrx_word' id='word_1_84' title='bbox 200 2290 219 2332; x_wconf 89' lang='lat' dir='ltr'><strong>a</strong></span> <span class='ocrx_word' id='word_1_85' title='bbox 237 2269 441 2356; x_wconf 83' lang='lat' dir='ltr'><strong>pragmatica</strong></span> <span class='ocrx_word' id='word_1_86' title='bbox 462 2268 548 2333; x_wconf 89' lang='lat' dir='ltr'><strong>illius</strong></span> <span class='ocrx_word' id='word_1_87' title='bbox 573 2270 697 2334; x_wconf 88' lang='lat' dir='ltr'><strong>ratione</strong></span> <span class='ocrx_word' id='word_1_88' title='bbox 719 2270 926 2334; x_wconf 83' lang='lat' dir='ltr'><strong>alienissimus</strong></span> <span class='ocrx_word' id='word_1_89' title='bbox 946 2285 1034 2351; x_wconf 84' lang='lat' dir='ltr'><strong>erat,</strong></span> <span class='ocrx_word' id='word_1_90' title='bbox 1069 2278 1114 2342; x_wconf 88' lang='lat' dir='ltr'><strong>ita</strong></span> 
     </span>
     <span class='ocr_line' id='line_1_16' title="bbox 141 2376 1116 2465; baseline 0.013 -29"><span class='ocrx_word' id='word_1_91' title='bbox 141 2395 181 2437; x_wconf 86' lang='lat' dir='ltr'><strong>ea</strong></span> <span class='ocrx_word' id='word_1_92' title='bbox 201 2376 299 2438; x_wconf 88' lang='lat' dir='ltr'><strong>etiam</strong></span> <span class='ocrx_word' id='word_1_93' title='bbox 318 2376 448 2453; x_wconf 84' lang='lat' dir='ltr'><strong>vitavit,</strong></span> <span class='ocrx_word' id='word_1_94' title='bbox 484 2376 626 2462; x_wconf 89' lang='lat' dir='ltr'><strong>quaein</strong></span> <span class='ocrx_word' id='word_1_95' title='bbox 654 2378 821 2441; x_wconf 84' lang='lat' dir='ltr'><strong>Herodoto</strong></span> <span class='ocrx_word' id='word_1_96' title='bbox 849 2380 1116 2465; x_wconf 88' lang='lat' dir='ltr'><strong>reprehendenda</strong></span> 
     </span>
     <span class='ocr_line' id='line_1_17' title="bbox 141 2482 1111 2554; baseline 0.007 -7"><span class='ocrx_word' id='word_1_97' title='bbox 141 2482 347 2547; x_wconf 85' lang='lat' dir='ltr'><strong>videbantur.</strong></span> <span class='ocrx_word' id='word_1_98' title='bbox 392 2483 510 2547; x_wconf 84' lang='lat' dir='ltr'><strong>Iudicii</strong></span> <span class='ocrx_word' id='word_1_99' title='bbox 525 2483 684 2548; x_wconf 76' lang='lat' dir='ltr'><strong>facultate</strong></span> <span class='ocrx_word' id='word_1_100' title='bbox 703 2504 812 2549; x_wconf 85' lang='lat' dir='ltr'><strong>serere</strong></span> <span class='ocrx_word' id='word_1_101' title='bbox 830 2506 907 2549; x_wconf 87' lang='lat' dir='ltr'><strong>usus</strong></span> <span class='ocrx_word' id='word_1_102' title='bbox 918 2494 1020 2550; x_wconf 87' lang='lat' dir='ltr'><strong>totam</strong></span> <span class='ocrx_word' id='word_1_103' title='bbox 1038 2508 1111 2554; x_wconf 87' lang='lat' dir='ltr'><strong>nar·</strong></span> 
     </span>
     <span class='ocr_line' id='line_1_18' title="bbox 141 2588 1112 2681; baseline -0.004 -28"><span class='ocrx_word' id='word_1_104' title='bbox 141 2590 301 2653; x_wconf 88' lang='lat' dir='ltr'><strong>rationem</strong></span> <span class='ocrx_word' id='word_1_105' title='bbox 321 2590 368 2652; x_wconf 87' lang='lat' dir='ltr'><strong>ita</strong></span> <span class='ocrx_word' id='word_1_106' title='bbox 387 2589 541 2664; x_wconf 70' lang='lat' dir='ltr'><strong>instituit,</strong></span> <span class='ocrx_word' id='word_1_107' title='bbox 575 2597 612 2651; x_wconf 91' lang='lat' dir='ltr'><strong>ut</strong></span> <span class='ocrx_word' id='word_1_108' title='bbox 634 2588 678 2651; x_wconf 91' lang='lat' dir='ltr'><strong>ad</strong></span> <span class='ocrx_word' id='word_1_109' title='bbox 707 2609 817 2653; x_wconf 86' lang='lat' dir='ltr'><strong>veram</strong></span> <span class='ocrx_word' id='word_1_110' title='bbox 836 2588 986 2653; x_wconf 75' lang='lat' dir='ltr'><strong>historiae</strong></span> <span class='ocrx_word' id='word_1_111' title='bbox 1007 2591 1112 2681; x_wconf 76' lang='lat' dir='ltr'><strong>digni.</strong></span> 
     </span>
     <span class='ocr_line' id='line_1_19' title="bbox 142 2694 1112 2785; baseline 0.008 -26"><span class='ocrx_word' id='word_1_112' title='bbox 142 2694 244 2759; x_wconf 84' lang='lat' dir='ltr'><strong>tatem</strong></span> <span class='ocrx_word' id='word_1_113' title='bbox 267 2695 404 2779; x_wconf 90' lang='lat' dir='ltr'><strong>propius</strong></span> <span class='ocrx_word' id='word_1_114' title='bbox 432 2695 513 2757; x_wconf 88' lang='lat' dir='ltr'><strong>nihil</strong></span> <span class='ocrx_word' id='word_1_115' title='bbox 540 2694 699 2757; x_wconf 80' lang='lat' dir='ltr'><strong>accedere</strong></span> <span class='ocrx_word' id='word_1_116' title='bbox 728 2697 837 2780; x_wconf 83' lang='lat' dir='ltr'><strong>possit.</strong></span> <span class='ocrx_word' id='word_1_117' title='bbox 893 2695 975 2759; x_wconf 86' lang='lat' dir='ltr'><strong>llam</strong></span> <span class='ocrx_word' id='word_1_118' title='bbox 1008 2722 1112 2785; x_wconf 91' lang='lat' dir='ltr'><strong>quum</strong></span> 
     </span>
     <span class='ocr_line' id='line_1_20' title="bbox 140 2799 1113 2895; baseline 0.009 -29"><span class='ocrx_word' id='word_1_119' title='bbox 140 2812 218 2867; x_wconf 86' lang='lat' dir='ltr'><strong>ante</strong></span> <span class='ocrx_word' id='word_1_120' title='bbox 237 2799 446 2866; x_wconf 88' lang='lat' dir='ltr'><strong>scribendum</strong></span> <span class='ocrx_word' id='word_1_121' title='bbox 466 2799 662 2885; x_wconf 87' lang='lat' dir='ltr'><strong>philosopha</strong></span> <span class='ocrx_word' id='word_1_122' title='bbox 691 2820 767 2863; x_wconf 92' lang='lat' dir='ltr'><strong>cum</strong></span> <span class='ocrx_word' id='word_1_123' title='bbox 787 2804 962 2887; x_wconf 85' lang='lat' dir='ltr'><strong>sagacitate</strong></span> <span class='ocrx_word' id='word_1_124' title='bbox 987 2808 1113 2895; x_wconf 83' lang='lat' dir='ltr'><strong>singula</strong></span> 
     </span>
     <span class='ocr_line' id='line_1_21' title="bbox 139 2908 1110 2997; baseline 0.01 -23"><span class='ocrx_word' id='word_1_125' title='bbox 139 2910 385 2997; x_wconf 84' lang='lat' dir='ltr'><strong>exploravisset,</strong></span> <span class='ocrx_word' id='word_1_126' title='bbox 416 2929 525 2972; x_wconf 90' lang='lat' dir='ltr'><strong>rerum</strong></span> <span class='ocrx_word' id='word_1_127' title='bbox 550 2908 781 2994; x_wconf 83' lang='lat' dir='ltr'><strong>expositionem</strong></span> <span class='ocrx_word' id='word_1_128' title='bbox 801 2910 846 2973; x_wconf 91' lang='lat' dir='ltr'><strong>ita</strong></span> <span class='ocrx_word' id='word_1_129' title='bbox 871 2916 1046 2979; x_wconf 85' lang='lat' dir='ltr'><strong>construxit</strong></span> <span class='ocrx_word' id='word_1_130' title='bbox 1069 2939 1110 2984; x_wconf 91' lang='lat' dir='ltr'><strong>ac</strong></span> 
     </span>
     <span class='ocr_line' id='line_1_22' title="bbox 139 3015 1107 3105; baseline 0.009 -25"><span class='ocrx_word' id='word_1_131' title='bbox 139 3016 366 3092; x_wconf 82' lang='lat' dir='ltr'><strong>concinnavit,</strong></span> <span class='ocrx_word' id='word_1_132' title='bbox 402 3024 459 3093; x_wconf 90' lang='lat' dir='ltr'><strong>nt,</strong></span> <span class='ocrx_word' id='word_1_133' title='bbox 495 3033 582 3100; x_wconf 88' lang='lat' dir='ltr'><strong>quae</strong></span> <span class='ocrx_word' id='word_1_134' title='bbox 607 3035 730 3078; x_wconf 88' lang='lat' dir='ltr'><strong>summa</strong></span> <span class='ocrx_word' id='word_1_135' title='bbox 760 3015 903 3081; x_wconf 83' lang='lat' dir='ltr'><strong>historici</strong></span> <span class='ocrx_word' id='word_1_136' title='bbox 939 3020 1009 3086; x_wconf 86' lang='lat' dir='ltr'><strong>laus</strong></span> <span class='ocrx_word' id='word_1_137' title='bbox 1043 3037 1107 3105; x_wconf 90' lang='lat' dir='ltr'><strong>est,</strong></span> 
     </span>
    </p>
   </div>
   <div class='ocr_carea' id='block_1_7' title="bbox 23 3121 1108 3211">
    <p class='ocr_par' dir='ltr' id='par_1_8' title="bbox 23 3121 1108 3211">
     <span class='ocr_line' id='line_1_23' title="bbox 23 3121 1108 3211; baseline -0.006 -21"><span class='ocrx_word' id='word_1_138' title='bbox 23 3129 24 3134; x_wconf 73' lang='grc'>’</span> <span class='ocrx_word' id='word_1_139' title='bbox 139 3145 208 3189; x_wconf 88' lang='lat' dir='ltr'><strong>nou</strong></span> <span class='ocrx_word' id='word_1_140' title='bbox 226 3124 386 3211; x_wconf 89' lang='lat' dir='ltr'><strong>scriptor,</strong></span> <span class='ocrx_word' id='word_1_141' title='bbox 417 3121 474 3185; x_wconf 88' lang='lat' dir='ltr'><strong>sed</strong></span> <span class='ocrx_word' id='word_1_142' title='bbox 493 3122 564 3207; x_wconf 88' lang='lat' dir='ltr'><strong>ipsa</strong></span> <span class='ocrx_word' id='word_1_143' title='bbox 582 3121 715 3186; x_wconf 90' lang='lat' dir='ltr'><strong>historia</strong></span> <span class='ocrx_word' id='word_1_144' title='bbox 736 3124 827 3210; x_wconf 91' lang='lat' dir='ltr'><strong>loqui</strong></span> <span class='ocrx_word' id='word_1_145' title='bbox 846 3125 1003 3191; x_wconf 88' lang='lat' dir='ltr'><strong>videatur.</strong></span> <span class='ocrx_word' id='word_1_146' title='bbox 1049 3131 1108 3197; x_wconf 72' lang='lat' dir='ltr'><strong>At.</strong></span> 
     </span>
    </p>
   </div>
   <div class='ocr_carea' id='block_1_8' title="bbox 139 3229 1108 3317">
    <p class='ocr_par' dir='ltr' id='par_1_9' title="bbox 139 3229 1108 3317">
     <span class='ocr_line' id='line_1_24' title="bbox 139 3229 1108 3317; baseline 0.01 -22"><span class='ocrx_word' id='word_1_147' title='bbox 139 3252 208 3317; x_wconf 90' lang='lat' dir='ltr'><strong>que</strong></span> <span class='ocrx_word' id='word_1_148' title='bbox 234 3231 280 3293; x_wconf 85' lang='lat' dir='ltr'><strong>ita</strong></span> <span class='ocrx_word' id='word_1_149' title='bbox 306 3250 365 3293; x_wconf 85' lang='lat' dir='ltr'><strong>suo</strong></span> <span class='ocrx_word' id='word_1_150' title='bbox 386 3229 594 3314; x_wconf 87' lang='lat' dir='ltr'><strong>Thucydides</strong></span> <span class='ocrx_word' id='word_1_151' title='bbox 614 3231 763 3316; x_wconf 84' lang='lat' dir='ltr'><strong>exemplo</strong></span> <span class='ocrx_word' id='word_1_152' title='bbox 791 3232 974 3299; x_wconf 89' lang='lat' dir='ltr'><strong>luculenter</strong></span> <span class='ocrx_word' id='word_1_153' title='bbox 1000 3249 1108 3305; x_wconf 90' lang='lat' dir='ltr'><strong>osten·</strong></span> 
     </span>
    </p>
   </div>
   <div class='ocr_carea' id='block_1_9' title="bbox 23 3335 1107 3430">
    <p class='ocr_par' dir='ltr' id='par_1_10' title="bbox 23 3335 1107 3430">
     <span class='ocr_line' id='line_1_25' title="bbox 23 3335 1107 3430; baseline 0.007 -29"><span class='ocrx_word' id='word_1_154' title='bbox 23 3415 24 3418; x_wconf 14' lang='lat'><strong>,</strong></span> <span class='ocrx_word' id='word_1_155' title='bbox 137 3340 207 3413; x_wconf 88' lang='lat' dir='ltr'><strong>dit,</strong></span> <span class='ocrx_word' id='word_1_156' title='bbox 231 3336 325 3423; x_wconf 90' lang='lat' dir='ltr'><strong>quod</strong></span> <span class='ocrx_word' id='word_1_157' title='bbox 343 3356 441 3422; x_wconf 83' lang='lat' dir='ltr'><strong>supra</strong></span> <span class='ocrx_word' id='word_1_158' title='bbox 467 3335 724 3412; x_wconf 87' lang='lat' dir='ltr'><strong>contendebam,</strong></span> <span class='ocrx_word' id='word_1_159' title='bbox 751 3337 928 3417; x_wconf 89' lang='lat' dir='ltr'><strong>historiam,</strong></span> <span class='ocrx_word' id='word_1_160' title='bbox 953 3351 990 3405; x_wconf 92' lang='lat' dir='ltr'><strong>ut</strong></span> <span class='ocrx_word' id='word_1_161' title='bbox 1006 3361 1107 3430; x_wconf 91' lang='lat' dir='ltr'><strong>opor·</strong></span> 
     </span>
    </p>
   </div>
   <div class='ocr_carea' id='block_1_10' title="bbox 137 3443 1108 3636">
    <p class='ocr_par' dir='ltr' id='par_1_11' title="bbox 137 3443 1108 3636">
     <span class='ocr_line' id='line_1_26' title="bbox 137 3443 1108 3530; baseline 0.007 -22"><span class='ocrx_word' id='word_1_162' title='bbox 137 3455 225 3521; x_wconf 88' lang='lat' dir='ltr'><strong>tere,</strong></span> <span class='ocrx_word' id='word_1_163' title='bbox 256 3444 302 3506; x_wconf 89' lang='lat' dir='ltr'><strong>ita</strong></span> <span class='ocrx_word' id='word_1_164' title='bbox 321 3464 415 3530; x_wconf 85' lang='lat' dir='ltr'><strong>posse</strong></span> <span class='ocrx_word' id='word_1_165' title='bbox 435 3445 532 3507; x_wconf 87' lang='lat' dir='ltr'><strong>etiam</strong></span> <span class='ocrx_word' id='word_1_166' title='bbox 554 3464 595 3507; x_wconf 93' lang='lat' dir='ltr'><strong>eo</strong></span> <span class='ocrx_word' id='word_1_167' title='bbox 624 3443 724 3507; x_wconf 90' lang='lat' dir='ltr'><strong>modo</strong></span> <span class='ocrx_word' id='word_1_168' title='bbox 745 3444 862 3522; x_wconf 85' lang='lat' dir='ltr'><strong>scribi,</strong></span> <span class='ocrx_word' id='word_1_169' title='bbox 897 3459 933 3513; x_wconf 90' lang='lat' dir='ltr'><strong>ut</strong></span> <span class='ocrx_word' id='word_1_170' title='bbox 960 3451 1011 3515; x_wconf 81' lang='lat' dir='ltr'><strong>vel</strong></span> <span class='ocrx_word' id='word_1_171' title='bbox 1039 3456 1108 3521; x_wconf 80' lang='lat' dir='ltr'><strong>sine</strong></span> 
     </span>
     <span class='ocr_line' id='line_1_27' title="bbox 137 3550 1105 3636; baseline 0.011 -20"><span class='ocrx_word' id='word_1_172' title='bbox 137 3552 279 3616; x_wconf 83' lang='lat' dir='ltr'><strong>auctoris</strong></span> <span class='ocrx_word' id='word_1_173' title='bbox 299 3552 518 3615; x_wconf 88' lang='lat' dir='ltr'><strong>admonitione</strong></span> <span class='ocrx_word' id='word_1_174' title='bbox 538 3550 581 3614; x_wconf 88' lang='lat' dir='ltr'><strong>ad</strong></span> <span class='ocrx_word' id='word_1_175' title='bbox 602 3550 795 3636; x_wconf 89' lang='lat' dir='ltr'><strong>prudentiae</strong></span> <span class='ocrx_word' id='word_1_176' title='bbox 819 3553 962 3619; x_wconf 85' lang='lat' dir='ltr'><strong>fructum</strong></span> <span class='ocrx_word' id='word_1_177' title='bbox 984 3561 1105 3626; x_wconf 78' lang='lat' dir='ltr'><strong>resera·</strong></span> 
     </span>
    </p>
   </div>
   <div class='ocr_carea' id='block_1_11' title="bbox 23 3655 1106 3858">
    <p class='ocr_par' dir='ltr' id='par_1_12' title="bbox 23 3655 1106 3858">
     <span class='ocr_line' id='line_1_28' title="bbox 23 3655 1106 3751; baseline -0.001 -29"><span class='ocrx_word' id='word_1_178' title='bbox 23 3655 24 3722; x_wconf 74' lang='grc' dir='ltr'><em>Ῐ</em></span> <span class='ocrx_word' id='word_1_179' title='bbox 139 3667 202 3723; x_wconf 87' lang='lat' dir='ltr'><strong>tur.</strong></span> <span class='ocrx_word' id='word_1_180' title='bbox 245 3658 317 3722; x_wconf 87' lang='lat' dir='ltr'><strong>Dici</strong></span> <span class='ocrx_word' id='word_1_181' title='bbox 339 3660 424 3722; x_wconf 90' lang='lat' dir='ltr'><strong>enim</strong></span> <span class='ocrx_word' id='word_1_182' title='bbox 444 3660 497 3723; x_wconf 83' lang='lat' dir='ltr'><strong>vix</strong></span> <span class='ocrx_word' id='word_1_183' title='bbox 517 3668 643 3745; x_wconf 90' lang='lat' dir='ltr'><strong>potest,</strong></span> <span class='ocrx_word' id='word_1_184' title='bbox 668 3660 775 3745; x_wconf 86' lang='lat' dir='ltr'><strong>qualis</strong></span> <span class='ocrx_word' id='word_1_185' title='bbox 793 3672 983 3751; x_wconf 87' lang='lat' dir='ltr'><strong>quantaque</strong></span> <span class='ocrx_word' id='word_1_186' title='bbox 1004 3670 1106 3734; x_wconf 91' lang='lat' dir='ltr'><strong>medi.</strong></span> 
     </span>
     <span class='ocr_line' id='line_1_29' title="bbox 23 3765 1105 3858; baseline 0.012 -29"><span class='ocrx_word' id='word_1_187' title='bbox 23 3791 24 3806; x_wconf 54' lang='lat'>¹</span> <span class='ocrx_word' id='word_1_188' title='bbox 139 3768 229 3831; x_wconf 92' lang='lat' dir='ltr'><strong>tandi</strong></span> <span class='ocrx_word' id='word_1_189' title='bbox 244 3766 456 3853; x_wconf 84' lang='lat' dir='ltr'><strong>discendique</strong></span> <span class='ocrx_word' id='word_1_190' title='bbox 475 3766 606 3831; x_wconf 90' lang='lat' dir='ltr'><strong>ubertas</strong></span> <span class='ocrx_word' id='word_1_191' title='bbox 632 3786 650 3829; x_wconf 91' lang='lat' dir='ltr'><strong>e</strong></span> <span class='ocrx_word' id='word_1_192' title='bbox 677 3765 823 3853; x_wconf 89' lang='lat' dir='ltr'><strong>diligenti</strong></span> <span class='ocrx_word' id='word_1_193' title='bbox 840 3768 1040 3858; x_wconf 84' lang='lat' dir='ltr'><strong>Thucydidis</strong></span> <span class='ocrx_word' id='word_1_194' title='bbox 1059 3779 1105 3843; x_wconf 93' lang='lat' dir='ltr'><strong>le-</strong></span> 
     </span>
    </p>
   </div>
   <div class='ocr_carea' id='block_1_12' title="bbox 138 3875 1106 3969">
    <p class='ocr_par' dir='ltr' id='par_1_13' title="bbox 138 3875 1106 3969">
     <span class='ocr_line' id='line_1_30' title="bbox 138 3875 1106 3969; baseline 0.012 -32"><span class='ocrx_word' id='word_1_195' title='bbox 138 3876 245 3939; x_wconf 89' lang='lat' dir='ltr'><strong>ctione</strong></span> <span class='ocrx_word' id='word_1_196' title='bbox 261 3876 362 3962; x_wconf 87' lang='lat' dir='ltr'><strong>possit</strong></span> <span class='ocrx_word' id='word_1_197' title='bbox 380 3875 522 3951; x_wconf 90' lang='lat' dir='ltr'><strong>hauriri,</strong></span> <span class='ocrx_word' id='word_1_198' title='bbox 551 3896 719 3962; x_wconf 91' lang='lat' dir='ltr'><strong>quamque</strong></span> <span class='ocrx_word' id='word_1_199' title='bbox 746 3876 861 3941; x_wconf 84' lang='lat' dir='ltr'><strong>efficax</strong></span> <span class='ocrx_word' id='word_1_200' title='bbox 881 3880 958 3945; x_wconf 88' lang='lat' dir='ltr'><strong>inde</strong></span> <span class='ocrx_word' id='word_1_201' title='bbox 976 3896 1106 3969; x_wconf 92' lang='lat' dir='ltr'><strong>petatur</strong></span> 
     </span>
    </p>
   </div>
   <div class='ocr_carea' id='block_1_13' title="bbox 23 3981 1106 4076">
    <p class='ocr_par' dir='ltr' id='par_1_14' title="bbox 23 3981 1106 4076">
     <span class='ocr_line' id='line_1_31' title="bbox 23 3981 1106 4076; baseline 0.013 -36"><span class='ocrx_word' id='word_1_202' title='bbox 23 3997 24 4004; x_wconf 52' lang='lat'>¹</span> <span class='ocrx_word' id='word_1_203' title='bbox 140 3981 181 4042; x_wconf 92' lang='lat' dir='ltr'><strong>ad</strong></span> <span class='ocrx_word' id='word_1_204' title='bbox 208 3981 396 4067; x_wconf 86' lang='lat' dir='ltr'><strong>sapientiam</strong></span> <span class='ocrx_word' id='word_1_205' title='bbox 426 3982 593 4045; x_wconf 83' lang='lat' dir='ltr'><strong>institutio.</strong></span> <span class='ocrx_word' id='word_1_206' title='bbox 640 3982 753 4068; x_wconf 88' lang='lat' dir='ltr'><strong>Neque</strong></span> <span class='ocrx_word' id='word_1_207' title='bbox 782 3987 866 4051; x_wconf 91' lang='lat' dir='ltr'><strong>enim</strong></span> <span class='ocrx_word' id='word_1_208' title='bbox 897 4000 1023 4076; x_wconf 87' lang='lat' dir='ltr'><strong>separat</strong></span> <span class='ocrx_word' id='word_1_209' title='bbox 1054 4012 1106 4054; x_wconf 88' lang='lat' dir='ltr'><strong>res</strong></span> 
     </span>
    </p>
   </div>
   <div class='ocr_carea' id='block_1_14' title="bbox 0 0 1438 5017">
    <p class='ocr_par' dir='ltr' id='par_1_15' title="bbox 0 0 1438 5017">
     <span class='ocr_line' id='line_1_32' title="bbox 0 0 1438 5017; baseline 0 4"><span class='ocrx_word' id='word_1_210' title='bbox 0 0 1438 5017; x_wconf 95' lang='lat' dir='ltr'><strong> </strong></span> 
     </span>
    </p>
   </div>
  </div>
 </body>
</html>
