2867 5017
593 391 654 457 157

602 563 641 624 X.

176 732 284 798 Prima
310 742 344 796 et
368 733 512 798 secunda
537 753 676 821 persona
699 735 836 822 pluralis
861 734 998 822 perlecti
1023 753 1104 800 oon·

133 840 277 936 ἱιιιιιιιὶιίΑ
290 839 325 903 in
344 841 450 907 verbis
463 840 608 917 Latinis,
631 860 803 928 perperam
823 842 1027 928 pronuntiari
1055 863 1107 906 so·

139 949 206 1012 lent
232 957 384 1033 surrepta
412 947 605 1034 penultima,
638 956 675 1010 ut
702 947 833 1012 diuum
858 929 1104 1027 amaverimus,

135 1039 292 1142 legeritis
313 1067 379 1122 oet.
413 1057 554 1122 Romani
581 1075 653 1120 eam
676 1053 834 1140 syllabam
854 1057 1095 1140 producebant-

133 1165 249 1252 itaque
270 1162 423 1230 dicebant
444 1149 690 1240 amaverimus,
721 1143 875 1249 legerilis
901 1172 965 1226 oet.

596 1333 652 1397 Xl.

172 1509 385 1596 Quamquam
403 1528 421 1570 a
437 1508 539 1593 priori
556 1516 692 1570 naturae
713 1517 964 1572 comentansum
981 1515 1045 1584 est,
1069 1517 1106 1573 ut

130 1616 281 1704 singulae
310 1616 420 1680 literae
452 1625 484 1677 et
515 1615 684 1679 literarum
712 1613 957 1679 coniunctiones
983 1623 1106 1678 oerum

129 1722 281 1808 aliquam
298 1721 440 1786 habeant
460 1722 525 1785 vim
542 1730 574 1784 et
594 1721 879 1808 significationem,
905 1719 947 1783 ab
964 1720 1040 1806 ipsis
1056 1720 1107 1784 lo·

130 1828 255 1913 quelae
286 1827 500 1892 instrumentis
531 1827 757 1904 constitutam
802 1825 904 1911 idque
931 1825 966 1890 iu
996 1827 1108 1913 lingua

13 1992 14 2001 ,
127 1943 245 1996 nostra
264 1931 489 2017 compluribus
510 1933 663 2016 exemplis
684 1941 790 2016 potest
809 1932 1044 2009 commendari,
1069 1943 1106 1998 ut

12 2057 13 2060 ¹
126 2039 244 2123 speeie
283 2038 480 2102 verissimum
512 2057 578 2100 esse
609 2037 777 2102 rideatur:
817 2047 925 2101 tamen
956 2036 1106 2102 doctrina

127 2144 367 2230 etymologica,
386 2143 572 2229 linguarum
589 2143 702 2207 saltem
721 2143 1103 2220 Indo-Germanicarum,

133 2259 298 2336 quatenus
313 2247 480 2334 hodieque
497 2249 627 2312 exculta
648 2259 713 2325 est,
744 2249 892 2316 nondum
911 2248 985 2314 sinit
1006 2259 1042 2313 ut
1062 2251 1105 2312 de

131 2376 172 2419 ea
193 2353 329 2420 reuerti
350 2353 433 2440 quid
454 2356 693 2442 pronuntietur.

585 2526 660 2590 ΧΠ.
777 2561 779 2568 ·

175 2697 271 2764 llulla
292 2717 343 2761 res
363 2706 427 2774 est,
452 2719 520 2783 qua
541 2697 716 2783 etymologi
737 2708 847 2762 nostro
866 2709 1011 2788 tempore
1030 2709 1102 2765 tan-

133 2814 205 2868 tum
216 2805 364 2868 oonl'erre
374 2805 496 2891 possint
510 2806 546 2870 in
563 2805 732 2868 doctrinae
747 2827 824 2870 suae
842 2807 1103 2883 emolumentum,

133 2932 237 2996 qnam
256 2920 293 2974 ut
326 2910 365 2973 1ο
383 2909 530 2974 instituta
560 2913 658 2999 plena
680 2913 763 2977 inter
789 2915 950 2979 variarum
978 2915 1105 3003 lingua·

133 3038 209 3080 rum
234 3038 330 3084 voees
351 3018 615 3106 comparatione,
640 3032 794 3086 accurate
815 3023 990 3100 definiant,
1019 3042 1107 3108 quae

132 3125 292 3212 cuiusque
312 3127 424 3191 literae
446 3128 566 3214 quibus
587 3127 684 3191 literis
702 3130 839 3193 aliarum
853 3131 1037 3216 linguarum
1052 3147 1105 3190 re·

130 3232 334 3316 spondeant3
371 3237 414 3301 2·
444 3255 531 3321 quae
563 3236 603 3299 sit
634 3235 836 3322 singularum
852 3235 996 3303 'divorsis
1024 3235 1103 3302 louis

13 3362 14 3379 2
130 3339 376 3423 pronuntiatio,
409 3359 510 3424 quam
530 3339 733 3405 subtilissime
755 3345 960 3408 constituant.

566 3511 656 3576 Xlll.

170 3678 262 3744 l'alsa
283 3690 329 3744 est
349 3701 462 3746 eorum
481 3685 655 3762 sententia,
680 3685 740 3769 qui
761 3694 925 3764 statuunt,
956 3686 1101 3775 linguam

132 3786 327 3853 Sanscritam
343 3791 490 3854 nondum
512 3792 594 3856 adeo
615 3814 681 3858 esse
701 3794 885 3873 excultam,
915 3805 950 3861 ut
977 3808 1102 3862 eertum

129 3897 283 3982 praebeat
304 3899 574 3982 ilmdamentum,
609 3903 663 3968 oui
685 3903 920 3989 disquisitiones
941 3908 1098 3992 etymolo-

129 4005 222 4088 gicus
242 4018 512 4092 superstruantur.
551 4010 554 4017 '
