2867 5017
821 392 866 457 82

359 602 403 663 do
432 600 517 662 cives
547 601 636 657 recta
670 588 805 653 consilia
837 595 1008 671 caperent,
1043 604 1147 671 eaque
1175 587 1348 661 vitarent,

364 728 451 794 quae
479 703 652 785 hucusque
683 698 770 761 male
799 695 1051 769 commissimaat.
1090 692 1171 757 'Nou
1200 692 1294 759 onim
1325 693 1352 755 is

362 823 431 877 erat
451 808 625 892 Polybius,
661 808 720 890 qui
747 806 781 867 in
804 823 935 869 suorum
957 803 1102 889 peccatis
1126 801 1348 876 oonuiveret,
1430 810 1431 815 ’

361 929 397 982 at
430 916 530 980 libere
556 913 598 976 de
619 913 657 976 iis
684 910 851 996 exposuit,
884 917 920 971 ut
942 929 981 971 ex
1002 907 1259 993 praeteritorum
1279 926 1350 972 me-
1430 972 1431 983 η

362 1027 466 1090 moria
495 1023 537 1085 de
566 1019 684 1085 futuris
711 1016 905 1105 prudentius
941 1024 1101 1101 ageretur.
1146 1014 1251 1097 Ὑπὲρ
1279 1001 1348 1089 ὧν,

361 1133 468 1217 inquit
491 1132 577 1216 ipae,
606 1123 643 1187 οὐ
664 1122 766 1201 δεήσει
788 1118 968 1202 θαυμάζειν
988 1121 1047 1186 ἐὰν
1069 1123 1351 1205 παρεκβαίνοντας

362 1244 399 1303 τὸ
428 1242 482 1316 τῆς
513 1236 666 1314 ἱστορικῆς
697 1227 866 1308 διηγήσεως
892 1222 976 1306 Ιἦθος
988 1276 998 1307 ,
1031 1225 1350 1310 &redemtionem

279 1408 285 1414 ,
363 1350 418 1410 καλ
442 1338 684 1425 φιλοτιμοτέροιν
703 1339 1100 1417 φαινώμεάαποιοήμενοι
1133 1340 1204 1417 περι*
1235 1334 1351 1399 αὐτῶν

364 1456 423 1530 τὴν
439 1443 639 1524 ἀπαγγελίαν
654 1443 718 1529 (l).
741 1440 873 1505 Sciebat
891 1444 1041 1527 proiecto
1059 1443 1130 1505 fore
1146 1446 1206 1528 qui
1230 1463 1349 1531 repre·
1430 1500 1431 1503 ,

363 1557 542 1621 henderent
552 1554 673 1638 ipsun,
687 1560 855 1635 tamquam
868 1551 1007 1615 calidius
1015 1550 1223 1628 scribentem,
1245 1561 1352 1637 utpo-

361 1674 395 1727 te
409 1681 509 1747 quem
523 1660 669 1723 omnium
677 1659 816 1720 maxime
828 1657 1027 1721 Graecorum
1038 1674 1159 1721 errores
1168 1658 1351 1721 occultare

363 1776 538 1854 oporteret.
562 1763 627 1827 Sed
646 1764 765 1830 horum
783 1764 1178 1829 clamoresmncurahat.
1202 1765 1248 1829 Ut
1260 1766 1353 1829 enim

364 1893 459 1939 nemo
470 1893 544 1937 vere
555 1871 678 1935 amicus
695 1870 808 1935 haberi
819 1881 943 1957 potest,
969 1874 1027 1957 qui
1039 1871 1139 1936 libere
1159 1873 1254 1958 loqui
1277 1894 1350 1936 nou

364 1983 497 2058 audeat,
521 1981 583 2055 ita,
604 1980 666 2055 ait,
690 1979 769 2045 boui
788 1980 866 2043 civia
880 1981 1010 2045 nomine
1028 1980 1179 2065 indignus
1199 1988 1247 2041 est
1267 1978 1348 2054 ille,

366 2088 425 2171 qui
442 2086 530 2149 inani
554 2082 737 2147 offensionis
756 2094 845 2147 metu
866 2087 1033 2151 veritatem
1053 2088 1179 2149 :lentio
1203 2096 1348 2171 premat.

369 2193 438 2255 Neo
453 2192 538 2254 enim
556 2192 690 2253 veritate
705 2192 813 2274 potius
829 2192 1012 2277 quidquam
1030 2194 1183 2259 historico
1198 2216 1269 2259 esse
1289 2195 1349 2258 de·

364 2300 460 2376 bere,
485 2318 624 2382 eamque
641 2298 675 2361 in
695 2297 761 2361 hac
780 2301 903 2384 patriae
921 2322 1019 2365 eausa
1038 2323 1077 2365 eo
1092 2304 1198 2367 minua
1215 2302 1279 2365 sibi
1299 2322 1349 2364 es·

365 2427 398 2470 se
431 2405 647 2480 reticendam,
683 2424 752 2489 quo
783 2408 889 2490 aptius
912 2429 971 2495 per
993 2428 1063 2471 eam
1085 2410 1189 2491 ipsam
1211 2428 1351 2471 monere
1430 2438 1431 2441 ¹

366 2525 472 2602 posset
500 2516 585 2577 cives
612 2532 702 2584 σοον,
739 2531 823 2594 quos
853 2523 946 2575 antea
976 2524 1007 2577 et
1033 2534 1133 2577 mauu
1154 2521 1186 2573 et
1208 2515 1351 2577 oonsilio

372 2622 460 2682 omni
482 2637 583 2702 opera
602 2616 781 2680 adiuvisset.
822 2621 916 2681 Κατὰ
938 2622 995 2700 μὲν
1019 2621 1095 2702 γάρ,
1115 2618 1244 2703 iuquit,
1273 2621 1352 2691 τούς

368 2728 432 2790 τῶν
458 2727 666 2806 περιστάσεων
690 2726 817 2805 καιρούς
840 2716 974 2807 καάήκει
997 2730 1131 2812 βοηθεῖν
1160 2726 1232 2797 τούς
1259 2723 1350 2789 Ἓλ-

369 2833 468 2915 ληνας
497 2836 593 2905 ὄντας
619 2838 684 2906 τοῖς
713 2830 851 2915 Ἕλλησι
880 2838 962 2899 κατὰ
993 2840 1101 2900 πάντα
1132 2836 1270 2916 τρόπον,
1308 2835 1351 2896 τά

368 2946 427 3026 μὲν
449 2943 628 3024 ἀμύνοντας
640 2990 650 3021 ,
674 2946 715 3007 τά
738 2940 771 3005 δὲ
796 2940 1075 3026 περιστέλλοντας,
1105 2944 1147 3005 τὰ
1169 2939 1203 3003 δὲ
1224 2963 1351 3023 παραι-

367 3050 539 3129 τονμένονς
560 3054 619 3128 τὴν
639 3051 705 3111 τῶν
728 3052 928 3129 κρατούντων
949 3048 1063 3129 ὀργήν,
1086 3049 1161 3128 ὅπερ
1180 3052 1267 3126 ἡμεῖς
1297 3044 1351 3108 ἐπ’

372 3155 479 3217 αὐτῶν
515 3157 580 3217 τῶν
611 3157 805 3233 πραγμάτων
839 3156 1027 3233 ἐποιήσαμεν
1061 3150 1245 3233 ἀληθινῶς·
1286 3156 1352 3231 τήν

371 3258 402 3321 δ’
423 3259 502 3341 ὑπὲρ
530 3260 595 3323 τῶν
625 3260 800 3336 γεγονότων
832 3264 897 3333 τοῖς
934 3258 1167 3341 ἐπιγενομένοις
1196 3257 1250 3321 διὰ
1279 3261 1351 3325 τῶν

372 3368 604 3450 ὑπομνημάτων
626 3365 803 3450 παράδοσιν
827 3369 923 3451 α’μιγῆ
946 3370 1065 3442 παντὸς
1085 3368 1193 3451 μίσους
1215 3363 1352 3428 οἷπολεί-
1430 3376 1431 3403 r

371 3498 485 3556 πομεν,
512 3479 603 3559 χάριν
630 3476 684 3536 τοῦ
713 3478 755 3555 μὴ
779 3483 850 3549 ταῖς
872 3478 983 3547 άκοαῖς
1011 3474 1183 3557 τέρπεσθαι
1207 3471 1288 3533 κατά
1312 3470 1350 3531 τὸ

372 3582 475 3663 παρὸν
497 3582 570 3651 τούς
594 3580 898 3662 ἀναγινώσκοντας,
922 3580 1004 3644 άλλά
1027 3587 1096 3654 ταῖς
1118 3586 1238 3665 ψυχαῖς
1260 3576 1351 3661 drop·

371 3692 531 3764 oaorem,
562 3688 638 3769 πρὸς
663 3692 761 3771 τὸμὴ
784 3689 954 3765 πλεονάκις
980 3692 1013 3753 ἐν
1036 3696 1101 3763 τοῖς
1135 3686 1242 3760 αὐτοῖς
1275 3686 1350 3749 δια-

372 3789 567 3871 σφάλλεσααι
596 3793 657 3878 (2).
699 3796 808 3883 Atque
831 3798 912 3863 haec
947 3796 1045 3864 verba
1073 3798 1172 3884 ipsius
1204 3794 1348 3863 auctoris

401 3952 443 4019 (1)
470 3952 497 4004 L.
516 3950 533 4005 Ι.
552 3968 577 4020 p.
597 3954 648 4003 111
669 3973 705 4025 sq.

401 4044 443 4111 (2)
471 4046 498 4094 1..
518 4043 534 4096 Ι.
553 4060 578 4111 p.
597 4044 650 4095 112
672 4064 707 4114 sq.
