2867 5017
796 376 858 441 tus

338 575 498 639 reriuime
516 571 656 635 dicatur.
703 571 891 655 Sapientem
911 571 997 635 enim
1022 592 1090 643 esse
1110 584 1246 641 naturae
1264 580 1314 643 le.

337 703 429 771 gem,
453 690 490 745 ut
509 700 621 745 omnes
641 687 726 742 artes
752 698 792 742 ac
814 678 1006 763 disciplinae
1032 684 1197 747 communi
1220 705 1310 768 quo·

335 791 415 854 dam
427 788 560 856 vinculo
577 788 662 851 inter
681 806 714 849 ee
735 785 963 849 contineantur
979 807 1080 873 seque
1094 789 1233 855 invicem
1242 810 1313 855 ιιιι-

335 907 469 960 tentent.
515 895 630 979 Neque
659 894 711 957 vel
735 913 834 956 unam
860 913 946 969 esse,
983 895 1066 979 quin
1086 893 1146 959 sibi
1166 905 1224 959 aot
1254 916 1311 961 oo·

336 1005 425 1089 piam
443 1013 500 1066 aut
521 1009 710 1065 ornamenta
729 1021 768 1063 ex
787 1000 978 1085 aliispetat,
1004 1002 1109 1087 iisque
1126 1024 1237 1069 rursus
1253 1025 1311 1069 sua

335 1112 509 1198 impertiat.
555 1109 654 1191 Quod
671 1129 749 1172 eum
765 1109 800 1172 in
819 1106 969 1171 omnihus
993 1108 1151 1175 doctrinis
1168 1110 1241 1175 fieri
1257 1133 1308 1176 so-

336 1219 419 1293 leat,
453 1238 515 1282 neo
536 1220 693 1304 cuiquam
712 1218 845 1281 onmino
866 1218 1064 1305 denegatum
1089 1242 1192 1306 quum
1212 1223 1310 1287 etiam

336 1324 534 1411 philosopho
555 1324 620 1388 hoc
640 1332 841 1388 cunctorum·
855 1322 1013 1410 srrffragiis
1031 1326 1247 1405 concedatur,
1272 1338 1309 1391 ut

334 1432 492 1518 excurplis
516 1453 556 1496 ex
582 1433 716 1496 historia
748 1431 855 1518 petitis
882 1443 1060 1518 praecepta
1088 1456 1146 1499 sun
1174 1436 1309 1501 illustret

337 1558 378 1602 ac
402 1539 593 1604 confirmet:
622 1538 740 1625 quidni
760 1537 825 1601 hoo
846 1536 999 1601 historico
1020 1540 1136 1618 liceat,
1162 1552 1217 1619 ut,
1253 1541 1311 1609 ubi

335 1646 499 1731 opuntii,
533 1646 685 1731 praesidii
709 1643 837 1730 aliquid
854 1664 895 1707 ae
915 1645 1103 1713 munimenti
1124 1668 1143 1710 a
1164 1648 1309 1733 philoso-

336 1752 415 1838 phia
435 1753 623 1815 mutuetur?
646 1752 779 1815 Nullum
797 1752 882 1815 enim
901 1773 967 1817 esse
986 1752 1132 1817 historiae
1151 1755 1303 1840 pretium,

337 1860 399 1925 nisi
429 1858 473 1923 ad
503 1859 629 1925 virtutis
657 1860 972 1925 commendationem
1006 1860 1180 1937 referatur,
1215 1862 1309 1947 quod
1432 1846 1433 1855 ἵ

339 1966 411 2028 lieri
432 1985 500 2029 non
521 1986 633 2051 posse,
668 1967 728 2031 nisi
756 1968 825 2053 ipse
846 1967 1017 2031 historicus
1041 1966 1308 2055 philosophorum

340 2092 431 2136 more
454 2073 489 2134 in
519 2073 693 2138 scribendo
716 2084 870 2139 versetur.

381 2178 464 2253 Sed,
488 2200 572 2263 pace
586 2199 786 2243 summorum
804 2182 946 2245 virorum
964 2180 1109 2258 dixerim,
1134 2181 1238 2247 hocce
1256 2203 1308 2247 ar·

340 2295 529 2371 gumentnm
569 2284 743 2357 verborum
773 2287 845 2350 lusu
879 2288 1037 2351 contineri
1064 2287 1143 2351 mihi
1172 2290 1308 2355 videtur.

337 2390 580 2455 Attendendum
597 2393 683 2455 enim
701 2402 786 2470 erat,
812 2394 894 2478 quid
904 2394 942 2455 sit
961 2394 1013 2470 id,
1038 2396 1131 2479 quod
1146 2397 1312 2461 historiam

340 2498 581 2585 philosophiam
599 2498 811 2584 appellemus.
857 2496 988 2562 Scilicet
1007 2499 1154 2577 historia,
1191 2514 1312 2587 quate·

341 2626 403 2669 nus
433 2606 578 2667 omnium
607 2605 764 2669 virtutum
794 2604 1011 2693 vitiorumque
1042 2607 1191 2693 exempla
1218 2628 1309 2675 oom-

340 2713 513 2799 plectitur‚
538 2711 677 2777 ethaeo
702 2732 769 2775 esse
794 2711 950 2801 fugienda
976 2712 1090 2791 docet,
1113 2714 1170 2779 illa
1183 2726 1310 2781 sectan-

341 2822 405 2898 da,
430 2832 497 2886 tam
516 2831 607 2885 arcto
626 2820 791 2885 affinitatis
803 2819 936 2885 vinculo
955 2840 1032 2883 oum
1045 2820 1252 2908 philosophia
1264 2834 1313 2889 est

340 2930 532 3006 coniuncta,
558 2940 595 2994 ut
609 2931 681 3014 ipsa
701 2948 839 3012 quoque
850 2948 911 3013 per
927 2948 960 2990 se
979 2928 1186 3015 philosophia
1207 2952 1310 3017 quae·

342 3034 419 3097 dam
437 3044 524 3097 recte
542 3035 609 3100 dici
625 3036 734 3119 possit.
767 3033 833 3097 Sed
851 3044 887 3097 ut
906 3036 1039 3097 materia
1056 3036 1206 3100 historiae
1225 3038 1311 3103 hano

343 3140 462 3201 habeat
482 3159 559 3201 cum
579 3137 789 3221 philosophia
810 3136 1072 3212 similitudinem,
1106 3159 1174 3203 non
1203 3151 1313 3209 tamen

341 3242 419 3307 inde
438 3242 604 3326 sequitur,
639 3242 778 3303 formam
800 3239 898 3305 etiam
918 3241 1004 3307 illius
1025 3264 1097 3309 eam
1123 3266 1188 3313 esse
1211 3248 1311 3315 debe.

341 3372 397 3430 re,
428 3371 516 3439 quae
545 3352 581 3415 in
612 3350 676 3415 hac
706 3350 825 3415 usitata
845 3350 905 3428 sit,
941 3352 998 3445 aut
1018 3356 1185 3434 nuncid,
1220 3360 1312 3443 qnod

341 3460 539 3549 philosopho
561 3461 676 3535 liceat,
708 3458 744 3521 id
760 3459 856 3523 licere
878 3458 1041 3525 historico.
1089 3462 1187 3543 Quod
1205 3482 1311 3527 exem·

340 3574 398 3659 plo
413 3571 525 3655 aliquo
545 3568 705 3632 illustrare
726 3586 793 3629 non
814 3566 872 3629 erit
888 3567 1039 3631 alienum.
1085 3570 1120 3631 si
1137 3571 1212 3655 quis
1228 3572 1314 3637 enim

342 3677 528 3761 disciplinas
552 3675 704 3761 physicas
734 3694 774 3739 ac
802 3673 1045 3741 mathematicas
1074 3676 1314 3764 philosophiam

344 3782 486 3856 diceret,
521 3791 610 3846 recte
642 3782 707 3845 hoo
739 3781 873 3868 quidem
903 3782 1042 3860 diceret,
1082 3784 1238 3869 quoniam
1274 3785 1313 3848 il·

346 3890 397 3951 lae
422 3897 506 3952 artes
534 3891 568 3953 in
599 3910 708 3953 rerum
745 3889 1018 3975 contemplatione
1046 3901 1229 3969 versantur,
1264 3892 1314 3955 in·

347 3996 491 4081 timaque
519 4004 654 4059 naturae
683 4016 802 4059 arcana
832 4007 1086 4083 perscrutantur.
1127 3999 1240 4084 Neque
1264 4007 1313 4061 ta·
