2867 5017
143 562 270 623 riorem.
283 578 393 621 rerum
412 558 657 645 intelligentiam
677 558 740 648 (l).
772 542 964 647 Negaadum
980 562 1118 647 quidem

145 686 214 729 uon
235 675 296 743 est,
320 664 482 729 interdum
499 667 597 729 etiam
617 668 863 752 argumentandi
880 666 1114 753 iudicandique

144 772 257 835 officio
279 772 430 836 iunctum
450 792 516 835 esse
536 772 755 851 Herodotmn,
787 774 843 838 sed
863 775 1010 841 breviora
1032 776 1115 838 haee

146 888 238 954 sunt,
263 886 295 941 et
315 878 421 941 obiter
439 879 624 955 observata,
648 901 730 957 uon,
755 893 792 945 ut
813 884 904 969 apud
924 882 1113 967 Polybium,

144 985 285 1049 studiose
315 984 484 1070 d'mquiaita
511 997 544 1049 et
570 989 767 1073 argumentis
787 990 1005 1075 exernplisque
1026 1008 1116 1053 com·

147 1091 298 1177 probata·
340 1092 395 1156 Sic
424 1094 529 1157 varias
550 1095 713 1158 variorum
736 1096 908 1159 sententias
933 1095 975 1157 de
996 1095 1119 1181 origine

148 1199 274 1263 oraculi
293 1198 462 1263 llodonaei
483 1200 642 1265 diiudicat
667 1198 734 1287 (2);
758 1200 799 1265 de
820 1202 925 1265 causis
946 1222 1005 1265 cur
1025 1200 1116 1263 Nilus

147 1317 268 1371 sedate
299 1317 421 1371 tumeat
441 1317 474 1371 et
495 1307 680 1393 Aegyptum
700 1309 852 1386 inundet,
879 1309 1023 1396 disputat
1044 1306 1113 1394 (8);

148 1413 194 1477 sic
223 1414 288 1477 alio
318 1414 394 1479 loco
425 1413 544 1477 Ionum
570 1414 612 1477 de
636 1413 788 1501 Aegypto
810 1416 997 1499 opinionem
1026 1415 1114 1477 relu-

149 1530 196 1585 tat
218 1520 290 1608 (d);
319 1530 377 1587 aut
405 1520 448 1583 de
474 1520 598 1585 Helena
618 1530 651 1583 et
672 1519 789 1583 Paride
815 1520 936 1583 disserit
961 1518 1030 1606 (5);
1059 1528 1115 1583 aut

148 1628 396 1693 Alcmaeonidas
424 1627 545 1703 abeo,
581 1626 674 1690 cuius
701 1636 793 1689 erant
814 1628 975 1703 accusati,
1003 1627 1116 1713 prodi-

149 1738 244 1803 tionis
268 1737 401 1801 erimiue
422 1733 567 1797 defendit
591 1732 655 1818 (θ).
689 1732 755 1796 Sed
775 1732 858 1797 haee
879 1734 977 1797 modo
998 1736 1114 1822 exigua

147 1856 239 1921 sunt,
270 1836 370 1908 inodo
400 1841 595 1905 narrationis
621 1842 731 1903 cursui
761 1842 806 1903 ite
835 1842 973 1917 intexta,
1007 1845 1115 1909 utrix

145 1953 216 2038 ipse
236 1951 378 2034 scriptor
396 1947 586 2009 sententiam
605 1966 697 2008 suam
717 1947 928 2029 pronuntiare
947 1946 1112 2026 videatur,

142 2068 204 2122 eut
232 2055 303 2117 aliis
324 2052 466 2137 denique
493 2050 574 2113 locis
604 2050 826 2137 episodiorum
852 2052 956 2116 vicem
985 2057 1116 2141 expiem

146 2161 310 2227 censenda
336 2167 421 2221 sunt.
464 2157 562 2237 Quod
586 2177 636 2220 ex.
659 2178 707 2243 gr.
731 2157 772 2221 de
794 2157 896 2223 tribus
915 2162 1115 2228 orationibus

146 2270 248 2343 valet,
280 2264 402 2351 quibus
426 2262 584 2341 Oteuem,
615 2263 828 2350 Megabyzum
848 2286 888 2329 ec
910 2267 1042 2333 Darium
1062 2270 1113 2334 di·
1166 2294 1169 2301 ’

147 2394 251 2441 versas
279 2372 321 2435 de
346 2371 471 2455 optima
500 2370 626 2455 imperii
654 2371 758 2434 lorme
790 2374 960 2437 sententies
988 2386 1114 2442 tuentes

147 2480 273 2546 inducit
293 2477 355 2564 (7).
380 2477 472 2556 Quae
493 2476 741 2563 disputationes,
770 2480 828 2543 elsi
849 2501 869 2543 e
890 2481 1043 2567 primerio
1064 2484 1114 2547 hi·

148 2587 256 2653 storici
275 2584 406 2660 officio,
431 2583 523 2669 quod
543 2583 579 2647 in
598 2586 762 2649 narrando
785 2589 944 2665 consistit,
969 2592 1112 2671 alienae,

148 2706 254 2763 tamen
278 2691 402 2755 babent
420 2687 530 2753 nescio
555 2690 639 2773 quid
659 2690 701 2753 ab
723 2694 909 2758 excursibus
929 2694 1115 2780 Polybianis

148 2824 248 2889 quam
271 2799 410 2866 maxime
435 2796 614 2873 diversum,
642 2808 674 2861 et
694 2800 805 2884 potius
823 2801 941 2863 rolerre
962 2803 1112 2867 videatur

148 2908 282 2972 heroum
310 2904 556 2970 Homerioomm
582 2924 759 2981 sermones,
790 2907 850 2989 qui
873 2915 997 2971 tautam
1016 2906 1114 2973 liuius

175 3134 218 3205 (1)
245 3133 282 3187 (ll.
300 3134 372 3183 Dect.
391 3130 424 3183 de
442 3128 544 3197 tongi,
563 3128 597 3180 de
607 3130 740 3182 Herodoti
753 3130 948 3201 plrihsoplsio,
976 3152 1001 3203 p.
1020 3138 1056 3202 9,
1084 3144 1110 3188 tt

139 3229 231 3293 utrici,
251 3222 475 3277 Glorakteristik
487 3222 540 3276 der
550 3222 668 3275 amites
679 3224 936 3297 Historiagraptlr'e‚
957 3230 1039 3299 (138.

176 3322 219 3391 (2)
246 3322 274 3371 L.
293 3320 334 3383 ll,
352 3336 375 3369 c.
393 3320 429 3369 54
447 3335 503 3387 sqq.

174 3416 219 3485 (3)
247 3412 314 3466 lbid.
333 3430 356 3463 c.
374 3413 410 3463 24
428 3429 483 3481 sqq.

174 3512 217 3579 (4)
245 3506 312 3561 lbid.
330 3526 354 3558 c.
372 3508 407 3557 15
425 3523 479 3576 sqq.

174 3605 216 3672 (5)
245 3601 312 3654 ibid.
331 3620 354 3653 c.
373 3603 426 3653 113
445 3618 500 3671 sqq.
820 3652 821 3657 ,

175 3697 217 3765 (6)
244 3698 271 3747 L.
289 3696 341 3762 vl,
359 3715 382 3749 e.
401 3698 454 3747 121
472 3713 526 3766 sqq.
562 3694 732 3759 Aboriense,
760 3693 802 3745 ubi
822 3694 895 3747 simili
915 3698 1009 3751 ratione
1031 3718 1108 3771 argu-
1171 3691 1175 3701 ¹

149 3799 271 3842 maritatur
298 3788 456 3855 Herodotus,
484 3788 571 3839 citavit
598 3788 669 3839 Dect.
700 3786 911 3857 Waardcnburg,
945 3789 979 3843 de
1010 3795 1106 3845 satim

147 3884 324 3954 simplicitate
341 3882 442 3936 Herod.
458 3902 483 3952 p.
499 3884 553 3935 192
568 3900 623 3953 sqq.
1079 3879 1083 3885 ’

175 3977 214 4045 (7)
242 3980 269 4029 L.
289 3978 345 4041 lll7
365 3995 387 4027 c.
407 3977 442 4027 80
461 3992 515 4044 sqq.
