2867 5017
783 359 826 433 92

319 582 397 648 gens
417 580 524 627 rorum
544 559 681 624 mutatio
703 559 737 621 iu
758 558 895 621 Graecia
918 556 1092 621 acciderat.
1120 555 1290 623 Abarba·

318 691 430 735 rorum
454 659 578 751 impetu
605 665 749 741 liberati,
784 680 845 729 nec
874 673 997 729 exteros
1023 663 1162 747 anrplius
1183 664 1291 737 hostes

317 786 513 850 metuentes,
545 776 580 839 in
601 794 674 840 suas
695 773 756 859 ipsi
778 773 922 837 civitates
942 771 1059 856 singuli
1077 773 1191 837 oeulos
1207 794 1288 839 oon-

317 894 498 959 verte‘runt,
522 902 665 966 suaeque
686 880 851 966 potentiae
873 888 904 941 et
926 878 1127 944 auctoritatis
1146 881 1288 966 amplifi-

318 992 443 1058 candae
463 990 645 1076 eupiditate
662 987 785 1053 incensi
803 995 887 1051 sunt.
921 985 1017 1051 Divisi
1038 996 1130 1050 erant
1152 988 1289 1052 ttrtiversi

319 1097 434 1162 Graeci
455 1098 490 1159 in
508 1095 591 1159 duas
607 1094 801 1180 praecipuas
821 1093 950 1178 stirpes,
976 1091 1127 1157 llorieam
1147 1102 1179 1156 et
1200 1092 1288 1157 loui-

321 1181 412 1277 carn,
443 1199 604 1275 moribus,
636 1199 763 1275 indole,
794 1198 905 1261 studiis
929 1199 1013 1263 iuter
1036 1218 1069 1259 se
1098 1199 1285 1267 contrarias.

320 1309 493 1393 Utriusque
517 1309 671 1394 primarie
694 1309 806 1373 civitas
830 1309 927 1375 totius
953 1306 1094 1371 Helladis
1120 1308 1286 1393 principa-

320 1424 390 1477 tum
407 1414 554 1479 obtinere
574 1416 769 1491 conabatur,
787 1434 893 1498 eaque
910 1413 1239 1481 Lacedaemoniorum
1257 1428 1289 1481 et

320 1520 562 1587 Atheniensium
594 1524 762 1589 contentio
788 1523 900 1587 odium
928 1524 1011 1587 inter
1037 1525 1288 1611 ipsos'inimioi7

319 1628 463 1712 tiamque
485 1633 669 1694 commovit.
708 1632 747 1695 Et
770 1630 845 1693 licet
871 1629 925 1693 alii
946 1640 1130 1715 praetextus
1149 1634 1285 1717 speciosi

319 1735 497 1799 admodum
517 1737 693 1815 ferrentur,
725 1739 806 1803 haec
828 1740 924 1801 urtice
950 1759 1023 1803 vera
1047 1740 1108 1802 tuit
1128 1739 1204 1802 belli
1224 1741 1286 1803 Pe-

320 1844 540 1928 loponnesiaci
562 1864 670 1907 causa.
714 1845 813 1925 Quod
844 1844 966 1908 bellum
994 1856 1085 1909 tanta
1113 1847 1288 1911 acerbitate

320 1970 360 2013 ac
377 1950 579 2017 vehementia
596 1963 721 2041 gestum
739 1962 799 2030 est,
824 1964 890 2017 tarn
905 1953 1038 2039 paribus
1056 1954 1217 2039 utrimque
1237 1956 1285 2019 vi-

319 2057 424 2135 ribus,
450 2069 486 2122 ut
507 2061 542 2123 in
562 2071 631 2124 tota
654 2061 808 2125 Graeciae
829 2061 962 2123 historia
982 2061 1082 2123 simile
1105 2062 1286 2147 exemplum

317 2184 385 2227 non
405 2168 595 2250 reperiatur.
636 2170 675 2231 ln
696 2171 753 2231 illo
774 2170 872 2255 igitur
892 2190 1001 2233 omnes
1023 2170 1158 2233 arrectis
1176 2171 1288 2233 animis

318 2268 452 2353 publica
468 2282 636 2355 spectare,
661 2275 797 2339 civitatis
816 2276 987 2339 commoda
1005 2286 1157 2360 reputare
1178 2279 1287 2363 deque

318 2378 356 2439 iis
376 2378 538 2463 colloqui,
571 2400 611 2443 ac
631 2401 693 2465 pro
714 2401 770 2456 ea,
796 2401 863 2464 qua
886 2379 1092 2455 fruebantur,
1117 2382 1285 2460 libertate,

316 2504 459 2547 summae
487 2486 535 2548 rei
555 2486 861 2549 administrationem
882 2484 1044 2548 affectare.
1078 2486 1188 2569 Atque
1209 2488 1287 2551 hinc

318 2590 492 2675 prudentia
510 2588 612 2651 civilis
628 2588 663 2649 in
680 2588 767 2649 diem
784 2588 886 2675 magis
903 2588 1010 2652 valere
1031 2590 1152 2675 incepit
1172 2601 1205 2655 et
1225 2614 1287 2656 no-

316 2697 442 2761 bilitate
463 2695 586 2781 augeri.
626 2695 793 2783 Principes
821 2697 855 2761 in
882 2695 1071 2781 republica
1099 2700 1158 2764 viri
1177 2720 1288 2786 popu·

317 2805 387 2868 lum
414 2804 478 2867 suis
509 2804 650 2868 consiliis
680 2824 791 2891 regere
818 2816 868 2881 et,
901 2827 970 2890 quo
998 2808 1134 2885 vellent,
1168 2809 1287 2872 ducere

316 2912 502 2989 tentabant,
527 2932 633 2998 eoque
655 2911 789 2975 consssio
810 2914 979 2998 praeclara
1003 2926 1071 2978 arte
1092 2914 1284 2991 utebantur,

316 3020 521 3106 eloquentia,
547 3042 649 3106 quae,
674 3031 711 3084 ut
733 3043 751 3083 e
771 3024 924 3107 populari
945 3024 992 3085 rei
1012 3024 1164 3109 publicae
1183 3024 1287 3087 forma

317 3135 350 3188 et
370 3135 478 3188 ortum
498 3136 530 3188 et
549 3128 746 3189 incrementa
769 3132 919 3213 ceperat,
948 3129 993 3191 ita
1014 3151 1088 3192 mox
1111 3140 1235 3195 tautam
1253 3132 1287 3195 in

317 3254 356 3297 ea
378 3234 604 3296 auctoritatem
629 3239 812 3310 nacta’est,
842 3243 878 3297 ut
900 3234 943 3297 ad
963 3234 1130 3301 hominum
1151 3218 1287 3323 gratiam

320 3341 380 3405 sibi
408 3343 679 3429 comparandam,
712 3343 882 3429 ipsamque
912 3344 1075 3407 civitatem
1102 3345 1286 3431 gubernen-

318 3451 412 3528 dam,
438 3454 560 3539 optima
582 3453 723 3517 adiutrix
739 3452 842 3515 fieret.
871 3452 1005 3515 Necesse
1023 3454 1121 3535 igitur
1140 3460 1224 3523 orat,
1250 3459 1286 3511 ut

317 3562 520 3645 quicumque
540 3581 580 3622 eo
600 3570 744 3643 tempore
765 3557 936 3619 historicus
957 3556 1141 3640 aequalium
1161 3553 1283 3616 iudicio

318 3666 526 3752 comprobari
552 3666 663 3740 vellet,
696 3664 755 3726 has
778 3664 919 3747 politici
944 3673 975 3724 ct
999 3664 1149 3723 oratoris
1178 3670 1285 3745 partes

317 3773 446 3834 minime
466 3770 659 3855 negligeret,
684 3769 740 3833 sed
760 3768 929 3854 diligenter
951 3778 1076 3833 curaret
1098 3766 1159 3854 (l).
1186 3768 1284 3850 Quod

307 3904 499 3924 *-

348 3977 390 4040 (t)
417 3974 452 4024 Cl.
473 3971 548 4026 Ulrici
568 3973 586 4025 l.
602 3972 617 4023 l.
638 3990 663 4040 p.
683 3973 716 4023 43
737 3989 790 4040 sqq.
