2867 5017
801 367 841 430 ld

328 587 385 637 πος
407 563 471 628 ὤν·
497 562 551 624 διὰ
573 564 608 626 τὸ
619 610 629 640 ,
653 563 714 645 κᾷν
738 566 878 630 κατὰτὸ
899 564 1008 645 παρὸν,
1028 546 1169 649 εὐτυχῇ,
1186 575 1244 648 τήν
1265 596 1301 648 γε

326 677 397 757 περί
426 675 481 737 τοῦ
502 669 673 752 μέλλοντος
695 667 812 734 ἐλπίδα
831 668 955 752 μηῦίνα
972 673 1038 736 τῶν
1060 676 1137 738 νοῦν
1161 676 1300 759 ἐχόντων

325 782 398 846 ποτ’
424 783 467 846 ἂν
487 778 619 858 εὐλόγως
642 780 903 864 βεβαιώσασθαι·
924 779 962 842 οὐ
982 784 1081 862 μόνον
1103 781 1226 864 καλὴν,
1250 786 1300 850 ἔτι

326 887 504 972 δὲμᾶλλον
526 888 710 966 ἀναγκαίαν
733 879 817 950 εἷναί
838 911 919 969 φημι
945 886 999 952 διὰ
1024 893 1127 955 ταῦτα
1151 897 1211 972 τὴν
1233 898 1299 961 τῶν

322 995 591 1082 παρεληλυθότων
614 996 784 1072 ἐπίγνωσιν
807 995 870 1082 (l).
903 996 978 1077 Qua
998 999 1156 1063 sententia
1177 999 1299 1066 deinde

324 1106 419 1170 latius
437 1105 617 1190 explicata,
643 1101 932 1166 luculentissimum
948 1102 1050 1167 edidit
1069 1108 1230 1192 proponti
1246 1110 1298 1172 sui

324 1213 491 1278 indicium.
533 1212 615 1274 Fuse
642 1209 728 1273 enim
749 1220 782 1272 et
800 1210 918 1274 duone
937 1212 1086 1298 expomit
1108 1213 1151 1276 de
1169 1235 1211 1278 ea
1231 1217 1297 1280 uti·

324 1323 431 1399 litate,
456 1338 557 1404 quain
586 1319 655 1382 fore
672 1318 823 1405 sperabat
844 1330 881 1384 ut
901 1341 940 1383 ex
963 1320 1093 1384 historia
1114 1342 1173 1385 sua
1194 1345 1296 1410 cape·

321 1437 393 1493 rent
413 1429 539 1492 leeturi.
562 1429 629 1502 ,sic
650 1417 682 1494 et
704 1432 768 1494 alio
785 1433 878 1508 loeo,
903 1440 1078 1516 postquam
1099 1451 1133 1494 se
1152 1433 1298 1519 expliea-

232 1541 235 1550 ’
324 1551 434 1602 turum
451 1557 517 1600 eme
535 1537 632 1614 dixit,
657 1539 826 1623 quomodo
843 1538 931 1601 orbis
947 1548 1106 1602 terrarum
1122 1539 1296 1628 imperium

322 1645 612 1710 administraverint
631 1646 790 1722 Romani,
823 1647 950 1710 clarum
970 1646 1048 1709 inde
1067 1647 1136 1709 fore
1154 1649 1199 1710 ait
1225 1656 1296 1724 τοῖς

320 1756 387 1836 μίνΙ
404 1754 462 1817 νῦν
492 1742 581 1830 odos,
607 1753 726 1835 πότεροι
756 1755 919 1832 φευκτὴν,
945 1751 1178 1833 erotema»
1207 1757 1295 1840 αἱρε-

321 1865 381 1940 τὴν
409 1851 491 1924 εἶναι
517 1859 685 1943 συμβαίνει
714 1862 779 1938 τὴν·
796 1857 964 1938 Ῥωμαίων
986 1856 1210 1924 δυναστείαν.
1227 1868 1295 1936 τοῖς

323 1966 353 2030 d’
373 1963 627 2046 ἐπιγενομένοις,
658 1969 777 2048 πότερα
803 1958 974 2045 ἐπαινετὴν
994 1970 1050 2028 καί
1081 1964 1243 2047 ζηλωτὴν,
1271 1973 1297 2048 ἤ

321 2079 445 2160 ursarii
464 2072 631 2150 γεγονέναι
650 2072 820 2154 νομιστέον,
831 2077 892 2152 τὴν
910 2073 1010 2158 ἀρχὴν
1026 2072 1145 2137 αὐτῶν.
1168 2076 1208 2142 Et
1223 2086 1295 2139 tum

320 2184 367 2246 sie
393 2180 518 2267 pergit:
551 2180 586 2242 τὸ
609 2181 668 2262 γὰρ
689 2178 924 2261 ὠφέλιμοντῆς
955 2181 1106 2264 ἡμετέροιςΙ
1134 2185 1291 2268 ἱστορίας,

320 2293 397 2373 πρὸς
424 2312 456 2351 τε
489 2287 525 2349 τὸ
551 2285 673 2368 παρὸν,
705 2290 759 2348 aad
791 2287 868 2370 πρὸς
898 2288 934 2350 τὸ
962 2285 1095 2368 μίλλον,
1121 2291 1165 2375 ,ἐν
1191 2294 1293 2374 τούτῳ

317 2395 467 2462 πλεῖστον
500 2393 637 2457 κείσεται
668 2398 712 2477 τῷ
744 2392 829 2478 μέρει
862 2393 925 2481 (2).
964 2397 1035 2459 Ηοο
1066 2396 1166 2482 igitur
1196 2399 1294 2462 uniee

318 2503 505 2590 spectabat,
534 2512 571 2565 ut
602 2511 634 2565 et
662 2522 773 2564 rerum
799 2504 1014 2588 gerendarum
1041 2517 1221 2592 praecepta
1251 2528 1291 2570 ex

318 2610 452 2676 historia
472 2609 660 2694 colligerent
680 2607 833 2672 historiae
853 2609 1007 2688 studiosi,
1032 2623 1065 2675 et
1083 2624 1179 2678 acute
1202 2615 1290 2678 iudi-

318 2739 393 2784 care
415 2718 574 2782 discerent
594 2714 839 2801 prudenterque
859 2725 1009 2780 statuere.

358 2831 400 2894 Ut
417 2826 664 2913 magistratuum
684 2824 892 2901 institutioni,
914 2826 960 2888 ita
980 2828 1182 2910 privatorum
1201 2847 1288 2912 quo·

316 2938 383 3020 q'ue
399 2933 495 2998 saluti
516 2931 641 3016 ubique
658 2930 925 3017 prospiciendum
941 2931 1002 2994 sibi
1020 2937 1173 3000 censebat
1190 2935 1287 3020 Poly·

316 3039 399 3104 hius.
435 3040 644 3125 Quapropter
660 3039 797 3100 lectores
818 3037 958 3102 subinde
979 3048 1148 3124 tamquam
1169 3044 1204 3107 jn
1219 3065 1288 3106 me.

317 3147 374 3209 dia
402 3148 454 3211 via
474 3156 674 3221 remoratur,
704 3165 810 3229 eaque
830 3144 907 3229 ipsis
935 3147 1096 3225 ostendit,
1128 3171 1218 3235 quae
1245 3152 1289 3215 ad

319 3274 414 3316 suum
435 3253 579 3316 fructum
606 3250 753 3344 redigere
784 3250 936 3316 debeant.
987 3252 1097 3341 Atque
1126 3257 1192 3322 hoe
1220 3279 1289 3322 non

316 3362 422 3425 minus
441 3360 623 3426 iucundum
644 3377 745 3446 quum
766 3361 846 3425 utile
872 3361 910 3424 iis
941 3361 1010 3428 fore
1031 3366 1191 3450 sperabat.
1213 3369 1290 3440 -Τίς

317 3473 399 3554 γὰρ,
421 3471 547 3555 inquit,
570 3470 668 3542 οὕτως
689 3469 774 3533 ἐστίν
793 3467 950 3543 α’πεοιιιίις
970 3470 1046 3553 πρὸς
1067 3473 1106 3533 τά
1126 3469 1208 3554 καλοὶ
1230 3477 1287 3555 ναί

210 3591 213 3604 ·
314 3575 476 3640 σπουδαῖα
495 3577 560 3640 τῶν
590 3575 714 3658 ἔργων,
747 3574 781 3648 ὃς
813 3573 869 3636 οὐκ
898 3577 941 3640 ἂν
969 3573 1145 3660 βουληθείη
1172 3579 1287 3662 μικρὸν

318 3679 553 3764 ἔπιμείίστερον
576 3682 738 3762 ἐπιστῆσαι
764 3685 918 3763 περὶτῶν
940 3687 1112 3765 τοιούτων,
1142 3685 1221 3768 ὑπὲρ
1240 3672 1287 3750 ὧν

308 3837 521 3858 .-..-.-

346 3931 389 4000 (1)
416 3931 443 3982 n.
462 3928 517 3992 111,
535 3943 558 3979 c.
577 3927 623 3978 aa.
736 3944 740 3952 1

346 4026 389 4094 (υ)
417 4026 444 4075 r.
464 4022 518 4088 111,
540 4038 563 4072 ι.
582 4021 608 4072 ι.
636 4019 672 4071 οε.
691 4018 717 4070 h.
738 4020 754 4072 ι.
773 4021 809 4073 u.
827 4019 993 4088 annosos,
1013 4022 1029 4074 ι.
1049 4024 1065 4076 ι.
1084 4042 1109 4094 p.
1129 4027 1164 4077 oa
1183 4044 1237 4097 sqq.
