2867 5017
764 340 808 400 22

301 557 390 602 anna
419 533 560 598 intulisse
582 533 751 607 Romanis,
782 541 814 592 et
835 532 910 607 bos,
946 544 1043 617 capta
1065 535 1230 620 Sagunto,
1255 531 1281 599 a

302 636 617 726 Carthaginiensibus
634 636 780 723 petiisse,
802 647 859 699 aut
878 637 967 701 arma
984 637 1198 724 susciperent,
1219 656 1277 708 aut

303 749 466 812 traderent
488 746 563 830 ipsis
583 743 807 808 Hannibalem.
838 743 928 806 Haec
951 743 1083 823 Fabium
1113 749 1276 833 qaaePo.

301 852 409 937 lybius
429 851 559 912 minime
580 848 710 935 probat.
743 850 825 911 Nam
845 849 927 934 quid
952 849 1011 935 (sic
1033 863 1147 917 contra
1162 855 1276 942 dispo.

303 959 365 1046 tat)
398 978 527 1022 movere
549 967 676 1042 poterat
698 957 840 1031 Poenos,
873 966 908 1018 ut
933 959 1089 1036 cundem,
1115 979 1214 1044 quem
1235 965 1276 1026 ti.

303 1066 436 1130 berlatis
457 1084 534 1127 suae
555 1083 779 1149 oppressorem
803 1063 940 1140 scirent,
968 1074 1061 1128 tanto
1080 1070 1189 1134 audio
1208 1091 1279 1134 ser.-

302 1196 379 1239 vare
409 1169 628 1238 conarentur?
661 1168 824 1233 Credibile
851 1170 1003 1256 prolecto
1022 1191 1090 1236 non
1109 1185 1175 1252 est,
1205 1179 1281 1242 illos

302 1289 438 1365 propter
462 1276 558 1340 buius
582 1276 676 1340 unius
700 1277 835 1340 salutem
856 1278 900 1340 ad
921 1297 1086 1342 armorum
1105 1282 1278 1348 discrimen

302 1387 398 1448 luisse
420 1393 585 1458 venturos,
603 1382 703 1466 ,quod
723 1383 808 1466 quin
829 1385 1013 1469 gravissima
1030 1405 1185 1473 quaeqae
1200 1391 1281 1476 ipsis

246 1491 249 1498 ’
302 1495 493 1565 minaretur,
518 1499 673 1552 nouerat
694 1489 922 1555 dubitandum.

342 1598 399 1659 His
419 1599 463 1659 ita
485 1607 599 1659 contra
611 1596 700 1659 Fabii
715 1599 907 1661 sententiam
925 1601 1046 1677 allatis,
1070 1603 1200 1666 tandem
1210 1605 1275 1668 Po·

302 1704 409 1794 lybius
429 1724 468 1766 eo
485 1705 650 1787 pervenit,
686 1714 722 1767 ut
743 1705 812 1790 ipse
835 1706 915 1768 alias
937 1706 1016 1771 belli
1041 1729 1154 1774 causas
1179 1731 1277 1776 enar-

301 1821 362 1878 ret.
407 1811 482 1874 Tres
505 1819 613 1872 autem
629 1811 724 1874 luisse
743 1812 913 1877 existimat.
945 1814 994 1877 Ac
1014 1816 1120 1901 primo
1141 1820 1276 1903 quidem

303 1920 379 1982 loco
405 1918 556 1982 infestum
576 1912 769 1983 Hamilcaris
790 1922 952 1997 animum,
979 1923 1037 2007 qui
1057 1945 1163 2008 quum
1181 1927 1217 1989 in
1236 1945 1281 1990 eo

302 2027 406 2103 beHo,
441 2027 534 2110 quod
564 2026 605 2091 de
625 2013 735 2091 Sicilia
761 2041 919 2114 gesserat,
944 2050 977 2092 se
995 2051 1015 2092 a
1033 2030 1190 2101 Romanis
1208 2055 1277 2098 uon

303 2137 426 2198 victum
444 2144 595 2218 pataret,
619 2136 812 2201 iamdudum
828 2158 989 2203 novasres
1010 2139 1117 2202 luisset
1133 2143 1276 2217 molitus,

304 2240 365 2302 nisi
385 2240 658 2307 mercenariorum
679 2241 793 2307 seditio
815 2242 1043 2330 Carthaginem
1065 2245 1147 2309 serio
1174 2265 1277 2312 occu

303 2349 451 2436 pavisset.
497 2349 637 2427 Deinde,
663 2373 769 2436 quum
789 2352 888 2416 Poeni
909 2353 1016 2417 coacti
1038 2362 1140 2417 essent
1157 2375 1279 2418 novum

304 2457 461 2521 Romanis
481 2458 624 2544 pendere
654 2458 832 2536 tributum,
857 2481 896 2523 eo
916 2462 1060 2524 infestius
1078 2461 1192 2526 odium
1208 2483 1279 2526 sus-

305 2565 411 2649 cepit,
436 2573 467 2625 et
490 2565 616 2628 efficere
637 2565 778 2642 studuit,
805 2575 840 2628 ut
862 2569 896 2630 in
913 2569 1067 2653 Hispania
1085 2589 1275 2656 propugna-

304 2673 415 2735 culum
451 2679 566 2734 contra
588 2671 755 2734 Romanos
785 2671 932 2739 baberet.
974 2673 1084 2761 Atque
1116 2676 1199 2738 baec
1230 2676 1282 2738 al-

303 2790 371 2842 tera
389 2778 466 2843 belli
487 2797 587 2840 causa
609 2777 691 2852 luit,
718 2778 772 2840 cui
794 2778 912 2842 deinde
924 2780 1018 2843 tertia
1040 2781 1190 2856 accessit,
1215 2782 1280 2843 Pu·

302 2887 452 2948 nicorum
483 2904 646 2948 armorum
677 2887 713 2952 in
740 2887 897 2970 Hispania
928 2907 1065 2973 prosper
1096 2907 1280 2963 successuS,

303 3013 372 3076 quo
385 2993 458 3055 freti
477 2994 624 3056 victrices
642 2993 816 3076 hucusque
827 2994 1052 3054 Romanorum
1070 2994 1182 3076 copias
1198 3014 1278 3056 con-

304 3110 444 3161 temnere
467 3098 636 3159 assuefacti
654 3106 739 3158 sunt.
785 3096 825 3157 Et
849 3097 925 3158 licet
945 3098 1014 3180 ipse
1039 3098 1203 3160 Hamilcar
1221 3100 1282 3162 de-·

305 3226 377 3268 cem
405 3222 505 3265 annos
526 3211 600 3264 ante
621 3201 743 3264 bellum
766 3211 915 3264 exortum
934 3204 1000 3268 vita
1021 3204 1195 3268 defunctus
1227 3206 1279 3281 sit,

185 3331 188 3336 ·
305 3314 345 3376 in·
365 3312 432 3375 eius
454 3287 648 3374 tarnen‘filio
659 3308 840 3373 Hannibale
858 3310 946 3375 idem
962 3313 1127 3400 ingenium
1151 3332 1277 3376 reman-

304 3422 362 3498 sit,
398 3422 485 3486 idem
514 3419 675 3496 studium,
710 3418 756 3482 ita
784 3429 818 3482 ut
851 3420 892 3483 ad
923 3419 1045 3485 bellurn
1066 3423 1225 3485 Punicum
1245 3421 1278 3482 Il

305 3529 575 3593 commovendum
599 3527 776 3613 plurimum
796 3526 967 3589 contulisse
985 3528 1150 3590 Hamilcar
1166 3527 1277 3590 dicen·

305 3638 366 3700 dus
389 3639 438 3698 sit.

345 3745 491 3829 Apparet
512 3763 551 3805 ex
571 3743 743 3818 hocloco,
769 3742 861 3805 cuius
878 3763 944 3806 uon
962 3744 1022 3805 nisi
1041 3759 1199 3805 summam
1219 3741 1278 3802 de-

304 3852 441 3926 lineavi,
473 3871 541 3935 qua
562 3849 687 3912 ratione
708 3850 743 3911 in
764 3870 871 3912 rerum
895 3850 999 3912 causis
1019 3848 1184 3912 tradendis
1204 3868 1280 3909 usus

302 3959 339 4019 sit
363 3956 523 4043 Polybius¹
571 3959 728 4022 Historiae
746 3938 833 4022 cnidi
853 3961 999 4024 adiunxit
1022 3958 1278 4046 disputationes,
