2867 5017
603 299 660 361 151

136 492 291 581 cydides‚
316 508 418 578 quem
443 491 577 555 morit
595 489 767 575 Polybius,
791 506 853 552 nec
876 489 981 553 minus
1004 474 1128 555 tumen

133 601 274 689 posteris
295 598 424 687 egregie
446 597 661 672 consuluerit,
696 594 905 661 hauddubie
928 596 1023 660 illurn
1043 595 1107 659 Po·

131 706 225 793 lyhio
244 708 341 791 longe
363 724 431 769 esse
449 702 710 790 praeferendum.
756 701 917 788 liquidem
939 714 1046 781 certe,
1073 712 1110 767 ut

133 812 245 878 dium
264 806 358 897 quod
374 809 494 886 sentio,
519 809 601 875 tenti
622 810 708 875 lacio
725 806 970 895 Thucydidem,
995 819 1049 886 ut,
1073 812 1108 873 in

133 921 202 985 hec
225 921 340 985 saltem
368 917 532 985 scribendi
553 927 668 1004 purte,
702 916 794 981 haud
814 917 914 983 eciem
935 940 978 985 sn
1002 922 1108 985 omni-

133 1048 213 1105 um,
237 1028 298 1114 qui
319 1048 477 1115 umquam
496 1028 648 1105 fumant,
672 1027 919 1103 historicorum,
941 1029 1049 1095 nullus
1069 1049 1113 1117 co

131 1136 341 1201 excellentior
360 1138 400 1201 sit
421 1133 602 1201 habendus.

579 1349 656 1433 §a

497 1564 748 1649 Xenophontis.

175 1776 350 1844 Videamus
370 1775 411 1842 de
426 1778 660 1863 Xenophonte,
686 1778 782 1841 tertio
800 1787 830 1841 et
850 1778 964 1843 ultimo
987 1792 1104 1847 sucto-

123 1904 187 1961 re,
225 1886 263 1949 in
295 1900 365 1967 quo
394 1881 507 1947 floruit
535 1900 631 1945 sunm
657 1890 690 1943 et
718 1882 927 1966 incorruptus
951 1884 1101 1951 historiae

121 1988 278 2052 Gmecoe
308 1989 412 2053 color.
464 1988 567 2053 llsrim
598 1996 707 2053 eutem
744 1988 857 2053 leudes
884 1989 918 2053 in
946 1994 1106 2074 praesenti

122 2097 322 2182 qrsaestione
338 2096 382 2161 ad
396 2094 626 2180 Thucydidem
636 2097 783 2181 proxime
799 2095 974 2163 secedunt.
998 2099 1106 2179 Quom

12 2216 13 2233 ¹
125 2205 217 2269 enin
245 2206 397 2270 historiae
429 2204 685 2269 conscribendae
708 2206 867 2269 rationem
898 2206 1037 2291 graviter
1063 2226 1105 2271 ec

124 2332 205 2377 mun
225 2316 392 2379 maiestate
419 2314 626 2400 Thucydides
644 2316 774 2393 tenuit,
806 2314 943 2383 sanson
971 2315 1102 2402 elegan-

125 2422 175 2485 tia
191 2421 375 2509 Xenophon
395 2433 428 2486 et
451 2424 660 2509 simplicitate
676 2423 813 2488 omavit.
839 2421 963 2487 Rerum
976 2422 1103 2507 quippe

11 2586 12 2597 ,
125 2530 363 2594 messem
380 2531 514 2595 unicum
539 2529 684 2594 historici
704 2530 852 2594 officium
873 2548 941 2592 esse
962 2527 1099 2592 arhitrs·

126 2643 202 2711 tus,
226 2632 292 2697 hoc
311 2654 345 2696 se
366 2637 502 2697 termino
525 2636 705 2712 continuit,
729 2654 838 2721 neque
857 2634 979 2698 disertis
988 2634 1100 2700 dssuo

10 2761 11 2770 ’
125 2739 403 2827 disputationibus
419 2740 526 2803 alieno
547 2741 622 2803 loco
643 2740 785 2805 indulsit.
831 2739 874 2805 At
893 2760 1001 2803 rerum
1019 2760 1098 2805 ceu.

125 2866 180 2909 sss
197 2855 231 2909 et
247 2842 383 2908 effectus
401 2844 474 2929 ipso
491 2846 684 2909 narrationis
699 2866 797 2911 cursu
814 2848 980 2911 manifeste
997 2858 1100 2913 osten·

126 2952 196 3029 dit,
219 2971 284 3017 nec
309 2952 416 3015 minus
440 2951 524 3037 quid
549 2952 648 3015 laude
672 2952 807 3040 dignum
833 2954 874 3017 sit
895 2962 926 3016 et
946 2955 1098 3018 imitatio·

125 3080 183 3137 ne,
206 3058 291 3146 quid
304 3056 626 3143 reprehendendum,
646 3061 729 3145 quid
745 3062 927 3137 vitandum,
950 3061 1098 3127 studiosis

125 3164 302 3230 lectoribus
325 3166 499 3251 perspicue
522 3166 656 3230 indicat.
698 3170 763 3233 Etsi
784 3170 870 3233 enim
892 3170 1098 3255 propositum

122 3274 191 3337 hoc
217 3270 425 3356 Xenophonti
455 3272 550 3335 fuisse
576 3275 744 3351 novimus,
781 3286 817 3338 ut
850 3278 974 3341 virtutis
1002 3298 1094 3343 eom·

123 3379 325 3445 mendationi
346 3380 477 3471 historia
495 3400 555 3444 suo
571 3382 757 3459 inserviret,
782 3382 860 3449 huic
886 3396 994 3450 tamen
1014 3406 1094 3453 coa·

124 3488 196 3551 silio
222 3504 292 3549 non
321 3485 367 3549 ite
392 3486 563 3562 satisfecit,
596 3496 633 3550 ut
657 3489 726 3574 ipse
761 3488 880 3553 docem
910 3492 1095 3575 videretur,

124 3593 181 3657 sed
200 3593 388 3679 diligentem
405 3593 695 3661 considerationem
712 3618 732 3661 s
750 3598 926 3663 lectoribus
938 3620 1000 3673 suo
1011 3604 1096 3667 llar-

125 3711 157 3764 te
180 3701 410 3765 instituendam
430 3702 526 3789 longe
546 3714 710 3789 praestare
741 3706 951 3772 existimabat.
998 3710 1098 3792 Quod

11 3814 12 3831 ¹
125 3809 280 3892 quoniam
306 3829 403 3893 supra
432 3808 533 3871 fusius
563 3819 608 3871 est
642 3811 861 3898 explicatum,
904 3835 992 3879 nunc
1022 3816 1095 3877 obi-

98 3925 172 3977 ·ter
204 3916 342 4000 attigisse
368 3916 442 3977 sotis
468 3916 547 3993 erit,
578 3918 664 3985 unde
687 3930 859 4006 appareat,
893 3921 962 3985 iure
993 3936 1095 3981 urso-
