2867 5017
769 333 819 404 Μ

317 537 429 596 maret.
465 529 578 613 Neque
603 545 679 591 vero
705 526 779 590 setis
803 524 963 602 ducebat,
976 527 1210 612 ,antiquiorem
1235 550 1291 593 er:-

316 660 406 702 rores
433 637 574 700 retusus
601 632 636 698 in
654 629 770 706 illius,
802 629 844 692 de
864 651 934 715 qua
956 641 1080 718 ageret,
1104 635 1154 696 rei
1172 655 1289 699 narra·

317 749 423 822 tione,
456 743 512 808 sed
532 745 577 806 ita
595 743 629 805 in
651 740 715 806 lroc
736 758 853 825 genere
874 738 1043 826 divagatus
1063 751 1126 817 est,
1153 751 1189 805 ut
1206 743 1292 808 suba

318 857 394 919 iude
423 855 465 917 de
495 852 641 915 universa
668 847 764 912 huius
789 847 916 912 illiusve
943 849 1110 934 scriptoris
1135 849 1292 916 lristorica

316 963 383 1026 fide
405 962 514 1024 dedita
536 979 637 1044 opera
663 964 946 1020 commentaretur.
980 955 1055 1035 Quo
1075 957 1201 1022 tactum
1219 969 1291 1037 est,

319 1081 357 1134 ut
376 1069 558 1155 complures
578 1066 620 1130 de
645 1065 712 1128 lroe
738 1074 927 1150 argumento
946 1085 1098 1129 excursus
1117 1067 1264 1132 omnium
1276 1114 1292 1146 ,

318 1183 482 1262 quotquot
503 1183 596 1248 sunt,
620 1172 794 1258 longissimi
807 1173 1027 1256 ,reperiantur
1060 1174 1101 1236 Et
1123 1184 1191 1238 erat
1212 1177 1289 1260 qui·

319 1285 393 1348 dem
411 1283 552 1348 auctoris
571 1283 605 1343 in
621 1281 687 1344 hoc
705 1280 838 1366 negotio
851 1280 1054 1365 propositum
1075 1281 1214 1367 duplex,
1240 1286 1296 1347 al·

317 1401 435 1467 terrun,
455 1401 490 1453 ut
504 1391 563 1453 sibi
578 1391 677 1454 fidem
692 1391 897 1466 conciliaret,
913 1391 1073 1477 simulque
1086 1395 1290 1471 oetmrdcret,

318 1497 433 1581 quanti
448 1499 827 1585 unusquisprcpriorrrm
837 1497 1061 1562 historicorum
1072 1509 1151 1562 esset
1162 1501 1290 1565 facien·

317 1605 396 1682 dus;
416 1605 569 1681 alterum,
592 1605 684 1690 quod
702 1605 839 1690 propius
860 1605 903 1668 ad
920 1605 1292 1694 historismpragmati—

317 1731 391 1772 earn
412 1711 571 1796 pertinet,
600 1719 636 1773 at
654 1711 792 1774 lectores
810 1711 1044 1789 assuefaceret,
1067 1713 1148 1776 nibil
1168 1721 1292 1779 temere

315 1816 488 1901 amplecti,
529 1818 585 1880 sed
615 1820 725 1882 omnia
755 1819 924 1906 diligenter
954 1821 1158 1907 perpendere
1186 1833 1293 1908 atque

316 1923 512 1988 examinare.
532 1924 712 1990 Prudenter
730 1927 818 1990 enim
833 1928 994 1991 monuisse
1012 1929 1264 2015 Epicharmumz.

338 2092 418 2152 Nape
436 2095 482 2142 nul
499 2090 613 2156 pipsas’
631 2095 770 2146 ἀπιστεῖν·
787 2093 881 2161 ἄρθρα
897 2100 990 2146 ταῦτα
1007 2101 1058 2146 τᾶν
1075 2098 1178 2163 φρενόν
1198 2075 1260 2164 (l)-

315 2243 430 2326 Neque
459 2244 544 2306 enim
570 2245 614 2307 ad
640 2246 824 2308 solidiorem
846 2267 954 2309 rerum
976 2248 1194 2333 coguitionem
1213 2270 1291 2314 ma*

315 2352 363 2438 gis
381 2351 565 2438 quidquam
583 2354 706 2430 valere,
731 2375 832 2439 quam
849 2363 885 2416 ut
906 2353 988 2416 fides
1010 2364 1106 2416 caute
1126 2356 1287 2421 adhibea-

312 2475 385 2539 tur,
410 2464 586 2547 omniaque
608 2473 763 2526 scemate
783 2472 815 2524 et
837 2482 912 2523 cum
933 2459 1136 2523 dubitatione
1155 2462 1291 2546 ponde-

313 2579 433 2632 rentur.
469 2569 567 2646 Quod
599 2568 752 2652 Polybius
777 2566 891 2629 summi
912 2566 1064 2628 momenti
1089 2587 1158 2629 esse
1175 2576 1289 2644 ratus,

313 2677 444 2739 lecturis
472 2686 639 2760 tamquam
667 2675 845 2761 specimina
866 2672 1018 2735 exhibere
1038 2673 1173 2737 voluisse
1193 2673 1290 2738 vide*

312 2795 379 2860 tur,
405 2782 492 2847 unde
513 2782 691 2858 discerent,
715 2781 901 2868 quomodo
921 2780 1072 2844 insimili
1091 2781 1213 2844 iudicio
1235 2803 1287 2845 res

312 2902 391 2956 esset
413 2890 562 2979 gerenda.
1121 2870 1125 2880 ¹

356 2998 421 3061 Sed
440 3009 476 3061 ut
491 3017 550 3075 ea,
565 3017 650 3082 quae
670 2997 756 3073 dixi,
779 2995 1050 3082 comprobentur,
1072 3018 1138 3058 una
1157 3007 1189 3059 et
1204 2997 1290 3060 alte*

314 3127 351 3170 ra
372 3106 488 3168 harum
509 3105 740 3190 digressionum
761 3106 912 3168 attentius
932 3105 992 3167 erit
1012 3105 1224 3190 inspicienda.

355 3212 466 3274 Primo·
491 3211 565 3273 loco
592 3211 646 3272 hic
674 3211 708 3272 in
734 3232 866 3274 censum
888 3212 994 3276 veniat
1016 3213 1057 3275 de
1072 3214 1210 3276 ¹Timaeo
1231 3213 1289 3276 hi-

314 3321 436 3384 storico
455 3313 606 3382 excursus
631 3314 697 3403 (2),
731 3337 799 3402 quo
823 3317 1031 3402 prolixiorem
1052 3319 1192 3382 invenies
1211 3318 1291 3380 nul-

343 3523 385 3590 (1)
414 3521 490 3592 Apud
504 3521 607 3574 Suidam
633 3522 657 3571 in
677 3535 701 3571 v.
726 3525 815 3589 Νῆφε.
850 3521 907 3589 lpse
924 3518 1042 3588 Polybius
1058 3521 1124 3572 hauc
1137 3519 1285 3592 Epicharmi·

316 3613 463 3664 sententinm
483 3611 594 3663 laudavit
612 3613 628 3662 Ι.
641 3611 748 3674 osvin,
767 3629 789 3661 c.
806 3609 873 3660 2?ss

342 3707 384 3772 (2)
413 3703 564 3772 longissima
580 3701 784 3767 buccilletum,
807 3719 884 3772 quam
900 3703 977 3754 semel
995 3704 1083 3758 citasse
1098 3707 1221 3774 sufficiat,
1239 3708 1282 3759 le-

315 3797 381 3865 gitur
399 3797 424 3847 in
445 3797 512 3867 tthp's
530 3797 617 3862 editis,
636 3797 652 3848 l.
672 3797 737 3862 ΧΠ,
756 3816 771 3849 a
787 3815 810 3849 e.
829 3800 847 3848 3
866 3797 1010 3866 ad'iiuem3
1029 3808 1082 3854 tum
1098 3802 1209 3854 aliaeius
1223 3820 1282 3873 para

314 3894 340 3943 in
361 3892 428 3943 Ero.
452 3893 536 3942 Votis.
556 3911 580 3960 p.
602 3891 723 3955 14-47,
742 3892 777 3942 ita
797 3901 823 3943 nt
842 3893 879 3943 26
899 3896 981 3966 capita
996 3897 1023 3948 iu
1042 3896 1082 3951 ed.
1093 3896 1237 3966 Schweigh.
1254 3904 1281 3950 el

316 3988 351 4036 34
371 3986 473 4055 paginas
491 3987 517 4036 in
536 3985 607 4040 Eae.
624 3988 708 4039 Vatis.
729 3988 915 4058 complectatur.
