2867 5017
556 355 618 421 1⁰7

107 566 204 635 quum
222 542 310 609 idem
330 544 500 631 Dionysius
518 565 595 609 mox
613 547 683 615 eiua
703 546 929 621 ι’παίνανςκαι
952 548 1073 633 ψόγοις

106 662 347 730 commemorat,
364 651 513 719 breviora
534 663 643 718 tamen
661 654 744 720 haec
766 664 813 732 et,
836 656 969 723 rationis
983 654 1072 722 Thu·

107 762 263 850 cydideae
282 762 401 838 instar,
424 763 486 848 ipsi
507 766 683 829 narrationi
704 764 826 830 intexta
847 766 943 829 fuine
964 766 1071 829 credi·

105 870 168 935 bile
183 864 249 947 est,
271 890 342 955 quo
360 880 467 935 temen
484 872 519 935 in
535 893 652 959 genere
669 873 801 936 mirrime
817 873 1001 939 excelluisse
1021 875 1070 939 ri·

106 975 199 1044 detur
223 974 393 1054 Philistus,
428 987 507 1042 teste
531 978 647 1042 eodem
675 980 806 1055 critico,
838 980 898 1065 qui
921 980 1074 1045 humilem

103 1104 178 1147 erun
195 1093 235 1151 et,
248 1083 477 1170 imperfectum
497 1083 561 1148 hac
582 1084 618 1148 in
637 1102 673 1148 re
693 1084 789 1148 sulm
808 1084 944 1151 notavit.
1063 1128 1066 1135 ,

143 1191 380 1272 encoeeam,
410 1214 512 1277 quam
533 1193 616 1271 dixi,
644 1192 808 1258 scribendi
828 1196 985 1260 rationem
1005 1197 1073 1283 pri-

104 1321 174 1365 mus
194 1302 262 1365 fere
286 1308 416 1363 secutus
437 1310 484 1362 est
504 1299 735 1387 Theopompus
756 1299 865 1364 Chius.
904 1304 1075 1367 Historiam

103 1409 157 1473 liic
183 1408 347 1473 Graeciae
375 1407 418 1471 ab
445 1410 534 1472 exitu
565 1408 642 1472 inde
670 1410 779 1495 operis
801 1408 1005 1494 Thucydidei
1031 1412 1074 1475 ed

102 1537 249 1604 pugnam
280 1516 430 1581 navalem
465 1515 558 1601 apud
587 1514 729 1580 cnidum
759 1515 936 1581 duodecim
968 1515 1072 1596 libris,

21 1599 22 1630 i
102 1626 164 1711 qui
183 1623 423 1687 llelleniconrm
436 1624 569 1687 nornine
584 1622 784 1700 ferebantur,
806 1624 993 1708 complexus
1012 1633 1073 1703 eet,

21 1717 22 1730 ¹
103 1732 224 1817 quibus
244 1731 361 1797 deiude
377 1730 506 1795 addidit
524 1729 726 1814 Philippica,
751 1729 816 1793 sive
836 1748 944 1791 rerum
962 1749 982 1791 e
999 1728 1075 1795 Phi·

21 1837 30 1849 ”
103 1840 219 1927 lippo,
253 1840 413 1925 Amyntae
438 1840 529 1915 filio,
569 1847 732 1924 gestarum
762 1836 978 1899 narrationem
1012 1836 1075 1925 (lla

103 1947 234 2027 Quibus
249 1948 405 2033 operibus
422 1948 605 2010 luculenter
624 1944 778 2020 ostendit,
804 1954 840 2007 ut
858 1944 1008 2009 laceretis
1025 1946 1076 2009 dr·-

101 2054 249 2141 eciplina
269 2062 356 2117 totus
375 2064 455 2117 esset
475 2054 706 2118 conformatus.
753 2050 826 2114 Nou
847 2060 973 2115 tantum
994 2054 1080 2118 enim

101 2164 137 2227 in
152 2160 330 2227 verborum
348 2169 510 2224 structura
530 2160 750 2244 orationisque
765 2160 984 2223 concinnitate
1003 2161 1078 2225 rhe-

100 2270 210 2333 torico
230 2266 363 2331 dicendi
383 2287 501 2353 genere
521 2288 597 2331 usus
617 2275 678 2343 est,
707 2266 764 2329 sed
785 2286 824 2329 ex
845 2265 960 2330 eodem
980 2270 1078 2333 etiam

21 2456 22 2522 l
106 2484 308 2572 Spectabunt
337 2503 395 2545 ece
422 2483 520 2559 illuc,
555 2491 592 2545 ut
624 2481 667 2544 de
695 2502 803 2545 rerum
830 2480 948 2546 abditis
976 2485 1080 2549 causis

105 2593 177 2657 fuae
191 2592 380 2667 dissereret,
405 2609 445 2654 ac
463 2590 610 2676 plurimis
624 2589 705 2651 locis
721 2609 815 2652 suurn
831 2590 900 2676 ipse
919 2592 1078 2658 iudicium

108 2702 242 2787 copiose
272 2702 467 2788 digressione
498 2701 685 2786 explicaret.
726 2702 907 2787 Utrumque
935 2702 1080 2769 laudarit

107 2806 202 2873 Dion.
239 2810 312 2873 Hal.
364 2805 575 2884 Τελευταῒόν,
610 2809 738 2893 inquit,
779 2809 844 2871 ἐστι
876 2810 941 2873 τῶν
977 2808 1078 2891 ἔργων

108 2916 206 2982 αὐτοῦ
228 2920 282 2980 καὶ
299 2917 638 3001 χαρακτηρικώτατον,
657 2916 762 3001 ὃπαρ’
774 2914 880 2999 οὐδενὶ
890 2916 954 2980 τῶν
968 2912 1076 2980 ἄλλων

109 3022 314 3108 συγγραφέων
337 3024 434 3097 οὕτως
462 3024 600 3109 ἀκριβῶς
618 3022 836 3107 ἐξείργασται,
866 3026 921 3085 καὶ
942 3020 1081 3087 δύναται

107 3133 181 3196 αὔτε
209 3134 275 3197 τῶν
304 3130 543 3218 πρεσβυτέρων,
574 3132 646 3195 οὔτε
674 3135 741 3197 τῶν
770 3130 945 3217 νεωτέρων·
979 3130 1012 3195 τί
1044 3129 1079 3196 δε

109 3241 204 3303 τοῦτό
226 3240 290 3303 ἐστι
297 3264 309 3317 3
330 3240 366 3302 τὸ
385 3237 463 3302 καθ’
485 3241 619 3320 ἑκάστην
638 3238 756 3321 πρᾶξιν
776 3242 932 3322 μὴμόνον
952 3241 993 3303 τὰ
1013 3262 1079 3321 φω-

108 3348 190 3430 νερὰ
210 3350 277 3419 τοῖς
296 3340 424 3417 πολλοῖς
441 3344 517 3428 ὁρᾷν
535 3347 588 3407 καὶ
610 3341 734 3424 λέγειν,
757 3340 829 3406 a’tt'
849 3344 1004 3418 ἐξετάζειν
1023 3346 1079 3407 καὶ

110 3458 169 3529 τὰς
190 3453 323 3535 ἀφανεῖς
345 3454 449 3527 αἰτίας
470 3456 533 3519 τῶν
560 3448 703 3538 πράξεων
726 3455 780 3517 καὶ
803 3454 867 3519 τῶν
889 3450 1079 3537 πραξάντων
1108 3541 1115 3549 1

113 3703 184 3773 -(1)
208 3700 424 3773 ΒαἩιαορωαρο
439 3700 584 3755 considendi
603 3698 1074 3774 mrtnt.l?.1'flogt‚dottaopr

116 3796 177 3849 otte·
194 3797 254 3849 cita
269 3806 298 3849 et
316 3797 449 3867 scriptio,
478 3803 504 3846 et
523 3796 703 3847 commentatio
730 3794 764 3847 de
790 3794 883 3849 eodem
909 3806 1075 3865 ammento,

113 3897 188 3961 quarn
206 3889 360 3961 Thwpompi
383 3890 548 3963 fragmentis,
573 3910 588 3944 a
610 3907 636 3943 se
655 3888 746 3959 editis,
765 3891 978 3963 praemortuos
997 3890 1027 3945 tt.
1042 3892 1073 3943 ll.
1130 3914 1136 3929 =

113 3986 241 4054 Eytaouiua
255 3982 379 4040 Wiclrers.
