2867 5017
574 355 618 418 83

109 549 292 636 imaginem,
318 568 404 633 quae
424 547 459 610 in
487 555 557 610 toto
578 566 677 633 opere
699 547 787 610 clare
810 546 934 623 elucet,
966 550 1075 613 nescio

111 679 150 720 an
168 656 315 719 omnium
335 655 517 741 plenissime
536 654 686 717 referant.
720 654 803 717 Talis
820 656 905 717 enim
926 665 994 719 erat
1012 656 1075 719 Po-

109 762 211 848 lybius
229 771 262 824 et
281 762 347 825 vita
366 771 397 825 et
418 762 562 849 seriptis;
586 762 620 824 iu
641 761 697 823 illa
716 760 812 823 rebus
829 760 915 824 bello
934 783 974 826 ac
992 783 1076 850 paee

107 868 265 955 gerendis,
290 867 415 953 patriae
432 866 659 931 sustentandae
682 869 777 930 unice
796 869 949 931 intentus:
974 869 1008 932 in
1026 869 1076 932 his

108 975 297 1061 primarium
322 974 462 1053 habens,
494 997 563 1062 quo
584 974 748 1053 tenderet,
777 978 981 1063 propositum
1001 998 1076 1063 per·

108 1091 238 1167 petuam
259 1091 291 1145 et
314 1084 500 1168 aequalium
521 1095 553 1147 et
573 1095 779 1172 posterorum
800 1084 978 1147 utilitatem.

146 1404 218 1466 lam
247 1403 289 1466 de
315 1402 417 1466 tribus
441 1403 606 1489 partibus,
642 1424 730 1491 qirae
755 1404 921 1466 historiam
950 1402 1076 1486 Polybii

106 1510 341 1598 pragmaticam
362 1512 577 1590 constituunt,
596 1511 751 1598 deinceps
766 1511 891 1574 dictum
909 1518 964 1572 est.
990 1508 1078 1588 Quas

107 1628 215 1682 tamen
243 1638 285 1688 ne
307 1622 447 1707 quisita
468 1622 552 1685 inter
569 1631 791 1708 seseparatas
812 1628 922 1705 putet,
956 1627 992 1679 ut
1013 1617 1076 1678 sal-

106 1727 150 1790 vis
185 1725 335 1813 reliquis
348 1747 413 1790 una
442 1736 510 1811 aut
527 1726 629 1809 altera
660 1726 764 1789 omitti
793 1724 957 1812 potuisset.
1004 1721 1077 1785 Tria

103 1833 190 1894 enim
214 1829 297 1893 haec
320 1831 535 1917 explicandi,
559 1830 757 1907 iudicandi,
784 1829 943 1892 monendi
962 1848 1077 1891 mune·

104 1960 141 2002 ra
169 1941 219 2002 ita
244 1945 333 2001 arcte
363 1956 473 1997 secum
500 1936 639 1999 invicem
667 1937 844 1998 coniuncta
865 1944 956 2009 sunt,
988 1934 1078 1996 utin

102 2043 249 2106 eundem
262 2041 361 2103 finem
375 2040 499 2125 singula
518 2040 702 2125 conspirent
717 2040 751 2102 in
764 2059 870 2123 eoque
881 2040 1075 2102 coalescant.

104 2152 194 2225 uec,
226 2148 299 2223 aaa·
315 2145 397 2221 aaa
425 2162 492 2219 raa
512 2146 607 2219 simut
629 2145 787 2231 amman
810 2126 1073 2233 comiacrum,

102 2258 204 2343 plena
229 2252 394 2330 informari
415 2261 522 2337 potest
541 2256 595 2331 τῆς
616 2253 834 2334 πραγματείας
855 2248 1078 2333 ἀποδεικτικῆς

104 2366 208 2432 nodo,
240 2363 315 2444 Qua
329 2359 491 2426 scribendi
512 2360 636 2428 ratione
656 2360 819 2445 prioresne
836 2358 1007 2424 historicos
1022 2378 1076 2422 su·

105 2469 267 2558 paraverit
289 2464 457 2550 Polybius,
490 2485 534 2530 an
560 2464 657 2529 tuerit
683 2465 721 2527 iis
742 2464 889 2539 inferior,
922 2464 955 2527 in
977 2465 1077 2529 altera

104 2575 333 2663 disquisitionis
352 2583 480 2637 nostrae
493 2583 594 2657 parte
616 2572 675 2635 erit
697 2568 962 2656 investigandum.
