2867 5017
800 447 842 508 52

342 640 424 704 dum
451 637 671 702 arbitraretur.
711 635 855 723 Philippi
884 636 981 723 igitur
1002 634 1150 722 exemplo
1171 645 1312 719 posteros
1416 606 1417 613 ἵ

346 747 546 820 moniturus,
578 744 655 809 data
676 764 779 830 opera
797 742 985 828 descripsit,
1010 739 1131 826 qubus
1152 742 1210 809 iste
1231 745 1313 808 curis
1417 802 1418 821 ,

345 862 379 916 et
400 853 576 928 aerumnis,
589 863 770 938 tamquam
793 852 878 916 vitae
901 860 1068 916 anteactae
1089 850 1203 934 poenis
1221 851 1313 917 ultri-

344 958 455 1034 ¹cibus,
476 960 641 1024 cruciatus
660 971 775 1047 postea
792 960 889 1024 luerit
904 959 969 1046 (l),
989 979 1029 1021 ex
1049 977 1118 1042 qno
1139 970 1310 1044 appareat,
1418 1008 1419 1021 ,

345 1077 553 1152 quantopere
573 1066 674 1131 virtus
693 1067 733 1130 sit
752 1063 951 1152 appetenda,
975 1064 1090 1129 vitium
1109 1063 1312 1147 fugiendum,

347 1192 518 1258 quamque
535 1193 609 1238 vere
631 1172 757 1236 dictum
770 1174 809 1236 sit
830 1173 929 1238 illud:
960 1171 1070 1236 »Iram
1089 1170 1234 1236 divinam
1252 1183 1315 1236 tar·
1419 1186 1420 1211 ³

350 1305 365 1335 s
376 1279 509 1342 dilatem
528 1277 680 1362 supplicii
701 1279 860 1364 gravitate
879 1276 1115 1363 compensare”
1134 1275 1202 1361 ι,(2)

393 1387 459 1450 Nisi
487 1387 551 1450 iam
579 1385 699 1450 diutitss
721 1386 755 1450 in
785 1385 851 1450 boc
879 1393 1069 1472 argumento
1095 1381 1316 1459 baceissemus,
1420 1448 1421 1467 ἢ

350 1493 477 1578 Polybii
497 1493 539 1558 de
558 1492 711 1577 Scipione
732 1492 890 1557 iudicium
908 1491 1074 1577 explicare
1097 1487 1220 1553 liberet.
1256 1490 1320 1572 Qui
1420 1486 1421 1495 ’

348 1601 444 1664 locus
470 1599 588 1686 procul
618 1598 721 1664 dubio
750 1600 832 1664 inter
859 1597 1126 1662 luculentissimos
1153 1596 1250 1662 huius
1270 1598 1320 1662 bi·

348 1707 469 1770 storiae
490 1705 677 1772 referendus
695 1717 742 1770 est
765 1705 826 1792 (3).
856 1707 905 1768 lta
923 1707 1009 1770 enim
1030 1703 1206 1791 Scipionis,
1225 1703 1321 1774 fami-

352 1813 439 1879 liaris
458 1813 523 1890 sui,
548 1813 757 1898 prudentiam
774 1824 807 1878 et
826 1814 1036 1900 sagacitatem
1056 1812 1217 1899 exposuit,
1238 1832 1322 1876 con·

348 1922 520 1988 tinentiam
540 1932 641 2007 atque
662 1922 878 2010 integritatem
898 1923 1075 1997 enarravit,
1100 1919 1325 1984 liberalitatem

351 2029 494 2114 denique
514 2037 545 2092 et
567 2028 791 2092 fortitudinem
812 2018 1006 2106 declaravit,
1031 2029 1076 2092 ita
1096 2049 1156 2112 per
1174 2030 1324 2114 apposita

350 2137 526 2219 specimina
547 2137 681 2222 singulis
697 2138 797 2202 fidem
816 2139 960 2216 addidit,
983 2149 1021 2202 ut
1039 2139 1082 2202 ad
1100 2138 1231 2202 laudem
1248 2138 1323 2204 effi·

352 2241 462 2305 cacius
482 2242 545 2305 vix‘
560 2242 746 2327 quidquam
764 2245 862 2309 scribi
883 2246 993 2330 possit.
1034 2246 1074 2308 ln
1094 2267 1164 2330 quo
1185 2267 1324 2310 excursu

352 2369 432 2411 num
458 2347 542 2433 quid
568 2349 651 2413 forte
679 2352 839 2416 amicitiae
866 2362 923 2416 aut
945 2353 1044 2419 animi
1063 2353 1171 2416 studio
1192 2353 1325 2436 liberius

354 2456 538 2534 indulserit,
563 2468 709 2525 rostrum
727 2480 795 2524 non
816 2471 861 2524 est
881 2481 1048 2544 quaerere.
1079 2460 1145 2522 Sed
1165 2462 1327 2526 monuisse

354 2563 510 2638 sufficiat,
543 2573 610 2628 tam
639 2567 739 2628 alacri
769 2566 935 2651 diligentia
957 2567 992 2630 iu
1017 2565 1081 2629 hac
1104 2565 1329 2650 disquisitione

355 2670 567 2754 exspatiatum
595 2670 689 2734 fuisse
719 2670 908 2757 Polybium,
940 2682 997 2750 ut,
1033 2675 1147 2739 ceteris
1176 2676 1330 2742 omuibus

357 2774 494 2852 omissis,
518 2776 596 2842 huic
617 2777 713 2842 unice
734 2778 875 2844 intentus
895 2781 1053 2848 videatur.
1078 2784 1117 2848 Et
1136 2785 1182 2848 sic
1201 2785 1236 2847 in
1255 2804 1327 2848 me·

351 2883 410 2948 ,dio
432 2905 539 2948 rerum
557 2903 655 2950 cursu
676 2885 888 2971 ubiquelere
904 2888 946 2952 ab
968 2903 1159 2979 argumento
1177 2894 1330 2980 principe

357 2989 552 3075 digreditur,
578 3000 613 3054 nt
632 2993 673 3055 de
695 2993 769 3056 viris
786 2994 820 3056 in
841 2994 972 3058 historia
994 2999 1179 3083 conspicuis
1199 3011 1328 3064 sentcn-

355 3097 433 3156 tiam
457 3116 548 3157 suam
569 3098 724 3159 enuntiet.
762 3100 846 3161 llinc
867 3102 954 3163 varia
976 3103 1114 3178 indicia,
1143 3127 1203 3189 pcr
1224 3116 1332 3170 totum

356 3220 439 3284 opus
450 3221 575 3284 sparsa,
600 3203 641 3262 de
651 3200 752 3263 Arato
771 3202 843 3288 (4),
869 3203 910 3266 de
921 3203 1172 3292 Philopoemene
1195 3207 1263 3294 (5),
1285 3211 1331 3274 de

351 3393 539 3414 ..ψ-ι-υ-

385 3511 427 3579 (1)
454 3477 481 3562 ⁴a.
500 3509 599 3576 xxiv,
618 3529 640 3562 ο.
661 3511 686 3562 s.

387 3603 430 3670 (ἓ)
457 3603 497 3655 Uti
513 3602 548 3652 ait
564 3601 675 3654 Valerius
690 3603 828 3669 ldaximns,
846 3597 866 3655 l.'
881 3607 910 3671 l,
928 3623 950 3656 c.
970 3608 1003 3672 1,
1021 3614 1071 3659 ext.
1091 3611 1117 3660 3.

387 3695 428 3762 (3)
457 3696 484 3745 t.
503 3694 613 3760 XXXII,
632 3697 763 3748 cia-17.
792 3695 964 3764 Ciporrode
982 3698 1097 3766 Scipione
1113 3701 1180 3752 locus
1196 3702 1325 3770 classicus,
1364 3727 1367 3730 ⁴

361 3787 378 3840 l.
396 3787 435 3851 X,
454 3805 476 3838 c.
496 3789 512 3838 2
532 3805 601 3857 sqq,
620 3797 673 3840 trun
693 3791 768 3842 ctiam
789 3790 805 3842 l.
820 3770 900 3855 X,⁸c.
920 3791 970 3854 to,
989 3790 1007 3844 Ι.
1024 3790 1087 3854 XV,
1106 3807 1128 3840 c.
1148 3795 1164 3844 4
1185 3796 1242 3847 alia.

388 3880 429 3950 (4)
457 3883 484 3932 Ι(
504 3882 553 3946 tv,
573 3899 595 3932 c
614 3883 640 3938 8.

388 3975 431 4043 (5)
458 3977 484 4026 t.
504 3975 546 4039 X,
571 3994 593 4026 c.
615 3978 650 4028 tt
675 3993 731 4045 sq,
757 3977 772 4027 l.
798 3977 849 4040 Xl,
878 3995 899 4026 c.
921 3977 954 4025 ll
981 3994 1053 4046 sqq,
1087 3979 1102 4027 l.
1124 3980 1229 4044 XXlll,
1255 3999 1278 4030 c.
1297 3982 1335 4045 9,

362 4066 379 4118 Ι.
397 4067 473 4133 XXV,
491 4086 512 4118 c.
531 4070 555 4119 9.
1206 4080 1209 4088 “
