2867 5017
756 340 818 401 lan

301 536 346 600 do
367 534 611 608 obscuritatem,
635 532 758 615 inqua
779 537 946 593 versantur
963 530 1118 604 lectores,
1142 544 1199 594 sue
1220 532 1274 594 lu·

304 664 342 706 ce
370 640 560 707 collustret?
594 638 676 701 Nam
697 637 756 700 etsi
777 636 847 699 lieri
869 644 996 721 potest,
1029 644 1066 698 ut
1088 636 1269 712 interdurn,

303 768 362 812 suo
383 749 525 834 quisque
542 746 673 833 ingenio
694 744 807 819 ducti,
833 752 919 807 reete
941 744 1132 806 sententiam
1149 744 1271 821 lerant,

302 875 444 920 errorem
472 865 580 918 tamen
610 850 797 937 praecaveri
821 850 920 913 satius
950 858 1014 925 est,
1046 870 1148 935 quarn
1175 850 1275 913 nimia

299 961 488 1049 sagacitatis
515 957 756 1043 exspectatione
778 955 914 1019 admitti.
957 954 1072 1038 Neque
1091 956 1277 1039 periculum

302 1090 369 1133 esse
390 1069 536 1145 videtur,
567 1088 609 1131 ne
630 1066 766 1151 quando
787 1066 827 1141 ii,
857 1063 915 1149 qui
937 1064 1063 1149 legant,
1096 1064 1176 1130 falso
1197 1066 1277 1129 scri·

303 1176 405 1260 ptoris
425 1171 548 1237 iudicio
571 1172 723 1257 decepti,
756 1170 789 1233 in
811 1189 951 1233 errorem
973 1168 1157 1235 illabantur.
1194 1172 1276 1251 Qui-

305 1300 450 1365 cumque
461 1280 546 1343 enirn
565 1280 648 1343 seria
668 1287 775 1341 mente
797 1276 962 1341 historiam
983 1276 1088 1361 legat,
1113 1298 1180 1341 non
1199 1288 1277 1362 pot·

306 1399 353 1451 est
374 1387 456 1473 quin
476 1388 540 1449 iam
569 1387 653 1449 inter
673 1384 847 1471 legendum
867 1384 949 1447 haec
982 1384 1190 1469 comprobet,
1222 1387 1279 1449 illa

308 1494 523 1572 condemnet3
556 1495 662 1570 unde,
697 1496 722 1557 si
751 1492 881 1559 tandem
903 1494 936 1555 in
958 1492 1101 1555 historici
1121 1492 1280 1557 iudicium

307 1600 451 1675 incidat,
482 1601 583 1686 idque
612 1622 688 1666 cum
709 1623 767 1665 suo
789 1602 954 1676 conserat,
984 1620 1052 1665 non
1074 1609 1192 1662 temere
1215 1599 1280 1663 hoc

307 1706 486 1791 relinquet,
518 1717 554 1768 ut
579 1707 662 1769 illud
683 1708 917 1790 amplectatur,
949 1706 1008 1769 nisi
1030 1726 1122 1767 suam
1141 1706 1279 1791 scriptor
1310 1788 1312 1792 .

308 1813 499 1878 sententiam
519 1812 629 1875 solidis
647 1814 818 1877 muniverit
841 1812 1046 1898 argumentis.
1071 1813 1184 1897 Neque
1198 1810 1284 1875 enim

307 1898 405 1985 huius
432 1919 591 1983 iudicium
611 1920 696 2005 ipsas
717 1940 767 1983 res
788 1929 844 1984 aut
865 1930 1009 1996 mutare,
1045 1930 1100 1983 aut
1123 1921 1160 1983 iis
1181 1919 1280 1982 detri-

308 2030 409 2093 menti
428 2027 554 2112 aliquid
576 2026 691 2089 afferre
711 2036 838 2111 potest,
863 2048 903 2090 ex
924 2048 993 2113 quo
1015 2028 1222 2113 intelligitur,
1242 2026 1281 2089 li-

308 2136 424 2198 berum
453 2156 579 2220 semper
609 2156 740 2198 manere
769 2136 948 2222 legentibus
978 2136 1168 2213 arbitrium,
1201 2134 1284 2221 quid

310 2242 480 2325 praeclare
497 2242 622 2303 sactum
640 2242 835 2317 existiment,
859 2243 942 2327 quid
961 2244 1113 2329 turpiter,
1139 2254 1282 2308 statuen-

312 2347 357 2409 di.
393 2347 510 2433 ltaque
531 2369 570 2410 err
591 2347 641 2409 his
660 2348 810 2411 omnibus
829 2350 991 2436 sequitur,
1029 2349 1096 2412 »ab
1117 2351 1188 2436 ipso
1206 2350 1285 2413 scri·

313 2482 328 2513 ι
340 2465 433 2541 ptore
453 2476 543 2532 eam,
573 2456 613 2519 de
633 2478 702 2541 qua
721 2456 902 2540 loquimur,
936 2455 1085 2519 historiae
1105 2456 1284 2540 pragmati-

313 2589 328 2619 ι
339 2582 399 2623 cae
418 2563 589 2625 utilitatem
604 2564 721 2627 diserta
743 2554 964 2628 admonitione
982 2564 1125 2629 adiuvari
1148 2561 1282 2638 dehere,

315 2668 397 2731 nubi
412 2671 623 2735 metuendum
640 2674 694 2749 sit,
718 2694 761 2736 nc
782 2674 933 2750 lectores,
957 2674 1067 2736 fallaci
1084 2693 1193 2735 rerurn
1213 2691 1286 2757 spe·

315 2776 393 2840 scie
422 2776 569 2864 decepti,
605 2792 663 2844 aut
690 2802 710 2843 a
739 2782 840 2845 libem
869 2782 967 2844 anirni
993 2780 1116 2843 iudicio
1138 2779 1287 2865 profecta

306 2910 331 2940 -ι
343 2893 476 2969 putent,
502 2907 588 2971 quae
610 2890 672 2952 sint
689 2890 752 2975 ipsi
773 2910 880 2952 rertun
901 2888 999 2950 statui
1020 2888 1207 2965 tribuenda,
1232 2897 1288 2949 aut

306 2990 423 3054 -ahuie
451 3014 490 3055 ea
522 2994 707 3079 adsignent,
745 3016 886 3080 quorum
913 2995 1095 3057 voluntaria
1125 2995 1222 3056 fuerit
1249 3012 1288 3055 ae

308 3099 433 3160 ‘rnulla
460 3099 646 3160 conditione
668 3100 912 3179 circumscripta
936 3098 1026 3175 optio
1053 3096 1138 3177 (l).’'
1177 3098 1287 3181 Atque

318 3210 354 3261 ut
374 3203 441 3281 ipse
463 3197 631 3258 historicus
649 3200 682 3257 in
704 3197 753 3256 his
774 3197 870 3257 rebus
891 3196 1007 3258 erroris
1028 3194 1201 3263 discrimen
1221 3204 1288 3267 evi-

308 3314 378 3379 -tet,
411 3312 442 3365 et
474 3301 642 3367 hominum
671 3304 810 3384 animos,
846 3307 989 3393 ingenia,
1022 3307 1224 3386 voluntates,
1257 3321 1289 3374 et

280 3475 285 3485 ,
318 3409 450 3473 consilia
472 3420 504 3472 et
522 3411 640 3486 exitus,
671 3422 703 3474 et
726 3412 935 3475 instrrunenta
954 3423 986 3475 et
1008 3413 1144 3487 auxilia,
1170 3414 1290 3499 quihus

314 3517 440 3601 singula
469 3528 542 3580 sunt
570 3529 723 3602 peracta,
761 3540 861 3603 quarn
888 3519 1127 3583 accuratissime
1159 3520 1287 3583 inresti-

317 3634 387 3709 get‚
419 3634 451 3684 et
473 3624 519 3686 sic
540 3623 671 3687 demum
692 3626 809 3686 iustam
831 3625 975 3709 aliquam
996 3625 1185 3690 sententiam
1207 3644 1289 3689 cau-

310 3741 348 3791 te
375 3730 561 3793 concludat.

309 3887 514 3905 m

353 3958 395 4025 (r)
423 3954 505 4011 versa
523 3940 624 4023 uergat
645 3956 660 4008 r.
680 3957 696 4006 r.
715 3974 739 4025 p.
760 3958 803 4008 aa.
