<?xml version="1.0" encoding="UTF-8"?>
<!DOCTYPE html PUBLIC "-//W3C//DTD XHTML 1.0 Transitional//EN"
    "http://www.w3.org/TR/xhtml1/DTD/xhtml1-transitional.dtd">
<html xmlns="http://www.w3.org/1999/xhtml" xml:lang="en" lang="en">
 <head>
  <title>
</title>
<meta http-equiv="Content-Type" content="text/html;charset=utf-8" />
  <meta name='ocr-system' content='tesseract 3.04.00' />
  <meta name='ocr-capabilities' content='ocr_page ocr_carea ocr_par ocr_line ocrx_word'/>
</head>
<body>
  <div class='ocr_page' id='page_1' title='image "./specimenliterar00vriegoog_0125.png"; bbox 0 0 2867 5017; ppageno 0'>
   <div class='ocr_carea' id='block_1_1' title="bbox 565 557 637 643">
    <p class='ocr_par' dir='ltr' id='par_1_1' title="bbox 565 557 637 643">
     <span class='ocr_line' id='line_1_1' title="bbox 565 557 637 643; baseline -0.028 -22"><span class='ocrx_word' id='word_1_1' title='bbox 565 557 637 643; x_wconf 68' lang='lat' dir='ltr'><strong>st.</strong></span> 
     </span>
    </p>
   </div>
   <div class='ocr_carea' id='block_1_2' title="bbox 186 751 1022 947">
    <p class='ocr_par' dir='ltr' id='par_1_2' title="bbox 186 751 1022 947">
     <span class='ocr_line' id='line_1_2' title="bbox 186 751 1022 842; baseline 0.005 -28"><span class='ocrx_word' id='word_1_2' title='bbox 186 751 548 827; x_wconf 74' lang='lat' dir='ltr'><strong>Minoreanoaaulls&#39;,</strong></span> <span class='ocrx_word' id='word_1_3' title='bbox 572 752 629 815; x_wconf 82' lang='lat' dir='ltr'><strong>ael</strong></span> <span class='ocrx_word' id='word_1_4' title='bbox 649 773 692 816; x_wconf 82' lang='lat' dir='ltr'><strong>ex</strong></span> <span class='ocrx_word' id='word_1_5' title='bbox 712 773 857 838; x_wconf 67' lang='lat' dir='ltr'><strong>quor-am</strong></span> <span class='ocrx_word' id='word_1_6' title='bbox 879 758 1022 842; x_wconf 60' lang='lat' dir='ltr'><strong>comptis</strong></span> 
     </span>
     <span class='ocr_line' id='line_1_3' title="bbox 357 868 851 947; baseline 0.004 -25"><span class='ocrx_word' id='word_1_7' title='bbox 357 882 476 947; x_wconf 75' lang='lat' dir='ltr'><strong>panon</strong></span> <span class='ocrx_word' id='word_1_8' title='bbox 497 868 634 924; x_wconf 78' lang='lat' dir='ltr'><strong>tantum</strong></span> <span class='ocrx_word' id='word_1_9' title='bbox 654 871 851 947; x_wconf 69' lang='lat' dir='ltr'><strong>supersunt.</strong></span> 
     </span>
    </p>
   </div>
   <div class='ocr_carea' id='block_1_3' title="bbox 32 1075 1100 2874">
    <p class='ocr_par' dir='ltr' id='par_1_3' title="bbox 32 1075 1100 2874">
     <span class='ocr_line' id='line_1_4' title="bbox 161 1075 1096 1162; baseline -0.009 -15"><span class='ocrx_word' id='word_1_10' title='bbox 161 1081 270 1146; x_wconf 79' lang='lat' dir='ltr'><strong>huten</strong></span> <span class='ocrx_word' id='word_1_11' title='bbox 291 1077 437 1142; x_wconf 79' lang='lat' dir='ltr'><strong>Graecae</strong></span> <span class='ocrx_word' id='word_1_12' title='bbox 458 1075 612 1138; x_wconf 74' lang='lat' dir='ltr'><strong>historiae</strong></span> <span class='ocrx_word' id='word_1_13' title='bbox 636 1084 743 1155; x_wconf 84' lang='lat' dir='ltr'><strong>aetas,</strong></span> <span class='ocrx_word' id='word_1_14' title='bbox 766 1095 869 1162; x_wconf 88' lang='lat' dir='ltr'><strong>quam</strong></span> <span class='ocrx_word' id='word_1_15' title='bbox 888 1075 1096 1140; x_wconf 77' lang='lat' dir='ltr'><strong>inchoaverat</strong></span> 
     </span>
     <span class='ocr_line' id='line_1_5' title="bbox 123 1181 1097 1274; baseline -0.007 -21"><span class='ocrx_word' id='word_1_16' title='bbox 123 1187 322 1261; x_wconf 84' lang='lat' dir='ltr'><strong>Herodotus,</strong></span> <span class='ocrx_word' id='word_1_17' title='bbox 352 1184 390 1246; x_wconf 92' lang='lat' dir='ltr'><strong>in</strong></span> <span class='ocrx_word' id='word_1_18' title='bbox 420 1181 638 1267; x_wconf 76' lang='lat' dir='ltr'><strong>Xenophonte</strong></span> <span class='ocrx_word' id='word_1_19' title='bbox 669 1183 773 1248; x_wconf 84' lang='lat' dir='ltr'><strong>desiit.</strong></span> <span class='ocrx_word' id='word_1_20' title='bbox 815 1181 897 1248; x_wconf 88' lang='lat' dir='ltr'><strong>Cum</strong></span> <span class='ocrx_word' id='word_1_21' title='bbox 926 1184 1015 1274; x_wconf 24' lang='lat' dir='ltr'><strong>enim·</strong></span> <span class='ocrx_word' id='word_1_22' title='bbox 1036 1181 1097 1246; x_wconf 86' lang='lat' dir='ltr'><strong>sub</strong></span> 
     </span>
     <span class='ocr_line' id='line_1_6' title="bbox 119 1289 1093 1360; baseline -0.006 0"><span class='ocrx_word' id='word_1_23' title='bbox 119 1294 226 1360; x_wconf 83' lang='lat' dir='ltr'><strong>nobili</strong></span> <span class='ocrx_word' id='word_1_24' title='bbox 246 1291 312 1356; x_wconf 92' lang='lat' dir='ltr'><strong>hoc</strong></span> <span class='ocrx_word' id='word_1_25' title='bbox 341 1290 546 1355; x_wconf 79' lang='lat' dir='ltr'><strong>triumviratu</strong></span> <span class='ocrx_word' id='word_1_26' title='bbox 573 1290 636 1354; x_wconf 88' lang='lat' dir='ltr'><strong>suis</strong></span> <span class='ocrx_word' id='word_1_27' title='bbox 661 1311 694 1353; x_wconf 86' lang='lat' dir='ltr'><strong>re</strong></span> <span class='ocrx_word' id='word_1_28' title='bbox 715 1289 836 1354; x_wconf 86' lang='lat' dir='ltr'><strong>finibus</strong></span> <span class='ocrx_word' id='word_1_29' title='bbox 854 1291 1021 1355; x_wconf 86' lang='lat' dir='ltr'><strong>continens</strong></span> <span class='ocrx_word' id='word_1_30' title='bbox 1042 1291 1093 1354; x_wconf 91' lang='lat' dir='ltr'><strong>hi·</strong></span> 
     </span>
     <span class='ocr_line' id='line_1_7' title="bbox 32 1385 1093 1484; baseline -0.005 -19"><span class='ocrx_word' id='word_1_31' title='bbox 32 1385 35 1393; x_wconf 61' lang='grc'><strong>’</strong></span> <span class='ocrx_word' id='word_1_32' title='bbox 122 1401 224 1465; x_wconf 73' lang='lat' dir='ltr'><strong>acria</strong></span> <span class='ocrx_word' id='word_1_33' title='bbox 245 1397 290 1462; x_wconf 91' lang='lat' dir='ltr'><strong>ad</strong></span> <span class='ocrx_word' id='word_1_34' title='bbox 309 1417 470 1461; x_wconf 88' lang='lat' dir='ltr'><strong>summum</strong></span> <span class='ocrx_word' id='word_1_35' title='bbox 480 1396 688 1482; x_wconf 84' lang='lat' dir='ltr'><strong>perfectionis</strong></span> <span class='ocrx_word' id='word_1_36' title='bbox 707 1398 870 1484; x_wconf 77' lang='lat' dir='ltr'><strong>fastigium</strong></span> <span class='ocrx_word' id='word_1_37' title='bbox 879 1406 960 1460; x_wconf 84' lang='lat' dir='ltr'><strong>esset</strong></span> <span class='ocrx_word' id='word_1_38' title='bbox 970 1406 1093 1473; x_wconf 83' lang='lat' dir='ltr'><strong>erecta,</strong></span> 
     </span>
     <span class='ocr_line' id='line_1_8' title="bbox 121 1502 1094 1590; baseline -0.002 -20"><span class='ocrx_word' id='word_1_39' title='bbox 121 1527 218 1582; x_wconf 83' lang='lat' dir='ltr'><strong>mox,</strong></span> <span class='ocrx_word' id='word_1_40' title='bbox 252 1505 364 1568; x_wconf 87' lang='lat' dir='ltr'><strong>alienis</strong></span> <span class='ocrx_word' id='word_1_41' title='bbox 388 1502 556 1568; x_wconf 85' lang='lat' dir='ltr'><strong>ornatibus</strong></span> <span class='ocrx_word' id='word_1_42' title='bbox 580 1504 727 1583; x_wconf 72' lang='lat' dir='ltr'><strong>adscitis,</strong></span> <span class='ocrx_word' id='word_1_43' title='bbox 752 1507 787 1568; x_wconf 89' lang='lat' dir='ltr'><strong>in</strong></span> <span class='ocrx_word' id='word_1_44' title='bbox 808 1505 1000 1568; x_wconf 89' lang='lat' dir='ltr'><strong>deteriorem</strong></span> <span class='ocrx_word' id='word_1_45' title='bbox 1018 1523 1094 1590; x_wconf 91' lang='lat' dir='ltr'><strong>pro·</strong></span> 
     </span>
     <span class='ocr_line' id='line_1_9' title="bbox 120 1611 1098 1698; baseline 0 -22"><span class='ocrx_word' id='word_1_46' title='bbox 120 1614 217 1698; x_wconf 86' lang='lat' dir='ltr'><strong>lapsa</strong></span> <span class='ocrx_word' id='word_1_47' title='bbox 248 1620 295 1675; x_wconf 85' lang='lat' dir='ltr'><strong>est</strong></span> <span class='ocrx_word' id='word_1_48' title='bbox 325 1611 556 1676; x_wconf 64' lang='lat' dir='ltr'><strong>conditionem.</strong></span> <span class='ocrx_word' id='word_1_49' title='bbox 601 1611 670 1676; x_wconf 84' lang='lat' dir='ltr'><strong>Nec</strong></span> <span class='ocrx_word' id='word_1_50' title='bbox 695 1631 758 1698; x_wconf 91' lang='lat' dir='ltr'><strong>pro</strong></span> <span class='ocrx_word' id='word_1_51' title='bbox 785 1622 967 1698; x_wconf 88' lang='lat' dir='ltr'><strong>temporum</strong></span> <span class='ocrx_word' id='word_1_52' title='bbox 998 1613 1098 1676; x_wconf 85' lang='lat' dir='ltr'><strong>ratio·</strong></span> 
     </span>
     <span class='ocr_line' id='line_1_10' title="bbox 119 1717 1099 1803; baseline -0.002 -19"><span class='ocrx_word' id='word_1_53' title='bbox 119 1741 164 1784; x_wconf 92' lang='lat' dir='ltr'><strong>ne</strong></span> <span class='ocrx_word' id='word_1_54' title='bbox 193 1719 287 1782; x_wconf 86' lang='lat' dir='ltr'><strong>aliter</strong></span> <span class='ocrx_word' id='word_1_55' title='bbox 306 1718 378 1782; x_wconf 87' lang='lat' dir='ltr'><strong>fieri</strong></span> <span class='ocrx_word' id='word_1_56' title='bbox 403 1726 540 1803; x_wconf 90' lang='lat' dir='ltr'><strong>poterat.</strong></span> <span class='ocrx_word' id='word_1_57' title='bbox 581 1717 778 1802; x_wconf 80' lang='lat' dir='ltr'><strong>Eloquentia</strong></span> <span class='ocrx_word' id='word_1_58' title='bbox 803 1717 954 1780; x_wconf 86' lang='lat' dir='ltr'><strong>nimirum</strong></span> <span class='ocrx_word' id='word_1_59' title='bbox 975 1717 1010 1781; x_wconf 89' lang='lat' dir='ltr'><strong>in</strong></span> <span class='ocrx_word' id='word_1_60' title='bbox 1030 1718 1099 1782; x_wconf 84' lang='lat' dir='ltr'><strong>dies</strong></span> 
     </span>
     <span class='ocr_line' id='line_1_11' title="bbox 121 1824 1098 1910; baseline 0 -20"><span class='ocrx_word' id='word_1_61' title='bbox 121 1827 278 1890; x_wconf 87' lang='lat' dir='ltr'><strong>maiorem</strong></span> <span class='ocrx_word' id='word_1_62' title='bbox 305 1825 403 1910; x_wconf 74' lang='lat' dir='ltr'><strong>apud¹</strong></span> <span class='ocrx_word' id='word_1_63' title='bbox 426 1824 566 1889; x_wconf 85' lang='lat' dir='ltr'><strong>Graecos</strong></span> <span class='ocrx_word' id='word_1_64' title='bbox 584 1835 684 1889; x_wconf 84' lang='lat' dir='ltr'><strong>nacta</strong></span> <span class='ocrx_word' id='word_1_65' title='bbox 701 1829 773 1888; x_wconf 86' lang='lat' dir='ltr'><strong>erat</strong></span> <span class='ocrx_word' id='word_1_66' title='bbox 796 1826 1035 1904; x_wconf 86' lang='lat' dir='ltr'><strong>auctoritatem,</strong></span> <span class='ocrx_word' id='word_1_67' title='bbox 1065 1836 1098 1891; x_wconf 87' lang='lat' dir='ltr'><strong>et</strong></span> 
     </span>
     <span class='ocr_line' id='line_1_12' title="bbox 122 1931 1098 2017; baseline 0 -19"><span class='ocrx_word' id='word_1_68' title='bbox 122 1956 200 2000; x_wconf 90' lang='lat' dir='ltr'><strong>eum</strong></span> <span class='ocrx_word' id='word_1_69' title='bbox 220 1935 256 1998; x_wconf 90' lang='lat' dir='ltr'><strong>in</strong></span> <span class='ocrx_word' id='word_1_70' title='bbox 274 1931 412 1995; x_wconf 89' lang='lat' dir='ltr'><strong>modum</strong></span> <span class='ocrx_word' id='word_1_71' title='bbox 431 1933 540 1997; x_wconf 75' lang='lat' dir='ltr'><strong>valere</strong></span> <span class='ocrx_word' id='word_1_72' title='bbox 561 1931 748 2017; x_wconf 84' lang='lat' dir='ltr'><strong>inceperat,</strong></span> <span class='ocrx_word' id='word_1_73' title='bbox 773 1940 810 1997; x_wconf 91' lang='lat' dir='ltr'><strong>ut</strong></span> <span class='ocrx_word' id='word_1_74' title='bbox 829 1932 865 1994; x_wconf 91' lang='lat' dir='ltr'><strong>in</strong></span> <span class='ocrx_word' id='word_1_75' title='bbox 884 1953 994 1996; x_wconf 87' lang='lat' dir='ltr'><strong>ornnes</strong></span> <span class='ocrx_word' id='word_1_76' title='bbox 1013 1934 1098 2007; x_wconf 83' lang='lat' dir='ltr'><strong>ritae</strong></span> 
     </span>
     <span class='ocr_line' id='line_1_13' title="bbox 121 2037 1099 2126; baseline 0.001 -23"><span class='ocrx_word' id='word_1_77' title='bbox 121 2049 236 2126; x_wconf 87' lang='lat' dir='ltr'><strong>partes</strong></span> <span class='ocrx_word' id='word_1_78' title='bbox 261 2037 328 2103; x_wconf 89' lang='lat' dir='ltr'><strong>vim</strong></span> <span class='ocrx_word' id='word_1_79' title='bbox 351 2057 444 2101; x_wconf 88' lang='lat' dir='ltr'><strong>suam</strong></span> <span class='ocrx_word' id='word_1_80' title='bbox 463 2046 642 2113; x_wconf 82' lang='lat' dir='ltr'><strong>exerceret,</strong></span> <span class='ocrx_word' id='word_1_81' title='bbox 667 2045 699 2100; x_wconf 92' lang='lat' dir='ltr'><strong>et</strong></span> <span class='ocrx_word' id='word_1_82' title='bbox 718 2037 925 2102; x_wconf 86' lang='lat' dir='ltr'><strong>institutionis</strong></span> <span class='ocrx_word' id='word_1_83' title='bbox 944 2039 1099 2126; x_wconf 87' lang='lat' dir='ltr'><strong>publicae</strong></span> 
     </span>
     <span class='ocr_line' id='line_1_14' title="bbox 121 2141 1098 2230; baseline -0.003 -17"><span class='ocrx_word' id='word_1_84' title='bbox 121 2147 375 2212; x_wconf 82' lang='lat' dir='ltr'><strong>tundamentum</strong></span> <span class='ocrx_word' id='word_1_85' title='bbox 406 2141 509 2206; x_wconf 88' lang='lat' dir='ltr'><strong>fieret.</strong></span> <span class='ocrx_word' id='word_1_86' title='bbox 551 2142 634 2206; x_wconf 83' lang='lat' dir='ltr'><strong>Hinc</strong></span> <span class='ocrx_word' id='word_1_87' title='bbox 656 2143 733 2206; x_wconf 89' lang='lat' dir='ltr'><strong>artis</strong></span> <span class='ocrx_word' id='word_1_88' title='bbox 753 2142 884 2229; x_wconf 86' lang='lat' dir='ltr'><strong>regulae</strong></span> <span class='ocrx_word' id='word_1_89' title='bbox 904 2163 944 2207; x_wconf 88' lang='lat' dir='ltr'><strong>ac</strong></span> <span class='ocrx_word' id='word_1_90' title='bbox 962 2165 1098 2230; x_wconf 89' lang='lat' dir='ltr'><strong>praece·</strong></span> 
     </span>
     <span class='ocr_line' id='line_1_15' title="bbox 121 2246 1097 2341; baseline 0 -23"><span class='ocrx_word' id='word_1_91' title='bbox 121 2263 200 2341; x_wconf 89' lang='lat' dir='ltr'><strong>pta,</strong></span> <span class='ocrx_word' id='word_1_92' title='bbox 226 2252 305 2316; x_wconf 91' lang='lat' dir='ltr'><strong>hinc</strong></span> <span class='ocrx_word' id='word_1_93' title='bbox 324 2249 493 2313; x_wconf 88' lang='lat' dir='ltr'><strong>rhetorum</strong></span> <span class='ocrx_word' id='word_1_94' title='bbox 502 2246 785 2334; x_wconf 86' lang='lat' dir='ltr'><strong>sophistarumque</strong></span> <span class='ocrx_word' id='word_1_95' title='bbox 799 2249 941 2314; x_wconf 85' lang='lat' dir='ltr'><strong>scholae.</strong></span> <span class='ocrx_word' id='word_1_96' title='bbox 965 2251 1033 2316; x_wconf 84' lang='lat' dir='ltr'><strong>Neo</strong></span> <span class='ocrx_word' id='word_1_97' title='bbox 1055 2253 1097 2318; x_wconf 84' lang='lat' dir='ltr'><strong>ab</strong></span> 
     </span>
     <span class='ocr_line' id='line_1_16' title="bbox 123 2355 1097 2441; baseline -0.001 -15"><span class='ocrx_word' id='word_1_98' title='bbox 123 2361 222 2426; x_wconf 85' lang='lat' dir='ltr'><strong>huius</strong></span> <span class='ocrx_word' id='word_1_99' title='bbox 242 2358 320 2424; x_wconf 86' lang='lat' dir='ltr'><strong>artis</strong></span> <span class='ocrx_word' id='word_1_100' title='bbox 340 2357 494 2420; x_wconf 88' lang='lat' dir='ltr'><strong>societate</strong></span> <span class='ocrx_word' id='word_1_101' title='bbox 514 2355 562 2418; x_wconf 90' lang='lat' dir='ltr'><strong>ita</strong></span> <span class='ocrx_word' id='word_1_102' title='bbox 579 2376 613 2419; x_wconf 90' lang='lat' dir='ltr'><strong>se</strong></span> <span class='ocrx_word' id='word_1_103' title='bbox 630 2356 798 2422; x_wconf 85' lang='lat' dir='ltr'><strong>vindicare</strong></span> <span class='ocrx_word' id='word_1_104' title='bbox 819 2357 926 2441; x_wconf 88' lang='lat' dir='ltr'><strong>potuit</strong></span> <span class='ocrx_word' id='word_1_105' title='bbox 947 2357 1097 2438; x_wconf 81' lang='lat' dir='ltr'><strong>historia,</strong></span> 
     </span>
     <span class='ocr_line' id='line_1_17' title="bbox 124 2464 1100 2543; baseline -0.003 -9"><span class='ocrx_word' id='word_1_106' title='bbox 124 2479 163 2534; x_wconf 92' lang='lat' dir='ltr'><strong>ut</strong></span> <span class='ocrx_word' id='word_1_107' title='bbox 190 2469 318 2533; x_wconf 92' lang='lat' dir='ltr'><strong>nullum</strong></span> <span class='ocrx_word' id='word_1_108' title='bbox 351 2465 485 2528; x_wconf 89' lang='lat' dir='ltr'><strong>omnino</strong></span> <span class='ocrx_word' id='word_1_109' title='bbox 517 2484 558 2527; x_wconf 84' lang='lat' dir='ltr'><strong>ex</strong></span> <span class='ocrx_word' id='word_1_110' title='bbox 585 2484 625 2528; x_wconf 87' lang='lat' dir='ltr'><strong>ea</strong></span> <span class='ocrx_word' id='word_1_111' title='bbox 657 2464 792 2528; x_wconf 91' lang='lat' dir='ltr'><strong>duceret</strong></span> <span class='ocrx_word' id='word_1_112' title='bbox 825 2465 988 2543; x_wconf 90' lang='lat' dir='ltr'><strong>colorem,</strong></span> <span class='ocrx_word' id='word_1_113' title='bbox 1023 2487 1100 2532; x_wconf 90' lang='lat' dir='ltr'><strong>cum</strong></span> 
     </span>
     <span class='ocr_line' id='line_1_18' title="bbox 121 2569 1097 2662; baseline -0.003 -21"><span class='ocrx_word' id='word_1_114' title='bbox 121 2575 314 2662; x_wconf 88' lang='lat' dir='ltr'><strong>praesertim</strong></span> <span class='ocrx_word' id='word_1_115' title='bbox 331 2573 394 2657; x_wconf 87' lang='lat' dir='ltr'><strong>ipsi</strong></span> <span class='ocrx_word' id='word_1_116' title='bbox 413 2571 558 2635; x_wconf 83' lang='lat' dir='ltr'><strong>historici</strong></span> <span class='ocrx_word' id='word_1_117' title='bbox 575 2591 595 2634; x_wconf 89' lang='lat' dir='ltr'><strong>e</strong></span> <span class='ocrx_word' id='word_1_118' title='bbox 614 2570 782 2634; x_wconf 86' lang='lat' dir='ltr'><strong>rhetorum</strong></span> <span class='ocrx_word' id='word_1_119' title='bbox 803 2569 974 2658; x_wconf 84' lang='lat' dir='ltr'><strong>disciplina</strong></span> <span class='ocrx_word' id='word_1_120' title='bbox 994 2573 1097 2658; x_wconf 88' lang='lat' dir='ltr'><strong>profi-</strong></span> 
     </span>
     <span class='ocr_line' id='line_1_19' title="bbox 124 2674 1099 2766; baseline 0.002 -22"><span class='ocrx_word' id='word_1_121' title='bbox 124 2682 209 2744; x_wconf 88' lang='lat' dir='ltr'><strong>cisci</strong></span> <span class='ocrx_word' id='word_1_122' title='bbox 232 2676 403 2766; x_wconf 89' lang='lat' dir='ltr'><strong>paullatim</strong></span> <span class='ocrx_word' id='word_1_123' title='bbox 430 2676 607 2761; x_wconf 87' lang='lat' dir='ltr'><strong>coeperint.</strong></span> <span class='ocrx_word' id='word_1_124' title='bbox 636 2674 741 2740; x_wconf 61' lang='lat' dir='ltr'><strong>‘Inter</strong></span> <span class='ocrx_word' id='word_1_125' title='bbox 772 2697 857 2764; x_wconf 85' lang='lat' dir='ltr'><strong>quos</strong></span> <span class='ocrx_word' id='word_1_126' title='bbox 886 2678 1036 2765; x_wconf 85' lang='lat' dir='ltr'><strong>Ephorus</strong></span> <span class='ocrx_word' id='word_1_127' title='bbox 1066 2693 1099 2746; x_wconf 88' lang='lat' dir='ltr'><strong>et</strong></span> 
     </span>
     <span class='ocr_line' id='line_1_20' title="bbox 123 2784 1098 2874; baseline 0.004 -24"><span class='ocrx_word' id='word_1_128' title='bbox 123 2787 362 2874; x_wconf 83' lang='lat' dir='ltr'><strong>Theopompus</strong></span> <span class='ocrx_word' id='word_1_129' title='bbox 380 2785 570 2871; x_wconf 86' lang='lat' dir='ltr'><strong>magistrum</strong></span> <span class='ocrx_word' id='word_1_130' title='bbox 590 2784 775 2849; x_wconf 88' lang='lat' dir='ltr'><strong>habuerunt</strong></span> <span class='ocrx_word' id='word_1_131' title='bbox 795 2785 971 2873; x_wconf 79' lang='lat' dir='ltr'><strong>laceratam</strong></span> <span class='ocrx_word' id='word_1_132' title='bbox 987 2799 1098 2854; x_wconf 91' lang='lat' dir='ltr'><strong>orato-</strong></span> 
     </span>
    </p>
   </div>
   <div class='ocr_carea' id='block_1_4' title="bbox 25 2890 1180 2982">
    <p class='ocr_par' dir='ltr' id='par_1_4' title="bbox 25 2890 1180 2982">
     <span class='ocr_line' id='line_1_21' title="bbox 25 2890 1180 2982; baseline 0.006 -26"><span class='ocrx_word' id='word_1_133' title='bbox 25 2970 26 2973; x_wconf 9' lang='lat'><em>*</em></span> <span class='ocrx_word' id='word_1_134' title='bbox 124 2915 217 2970; x_wconf 88' lang='lat' dir='ltr'><strong>rem,</strong></span> <span class='ocrx_word' id='word_1_135' title='bbox 243 2891 382 2979; x_wconf 82' lang='lat' dir='ltr'><strong>Gorgiae</strong></span> <span class='ocrx_word' id='word_1_136' title='bbox 404 2891 552 2954; x_wconf 88' lang='lat' dir='ltr'><strong>Leontini</strong></span> <span class='ocrx_word' id='word_1_137' title='bbox 572 2890 783 2978; x_wconf 86' lang='lat' dir='ltr'><strong>discipulum,</strong></span> <span class='ocrx_word' id='word_1_138' title='bbox 809 2894 904 2958; x_wconf 85' lang='lat' dir='ltr'><strong>cuius</strong></span> <span class='ocrx_word' id='word_1_139' title='bbox 923 2898 1099 2962; x_wconf 86' lang='lat' dir='ltr'><strong>auctoritas</strong></span> <span class='ocrx_word' id='word_1_140' title='bbox 1175 2969 1180 2982; x_wconf 54' lang='grc'><em>,</em></span> 
     </span>
    </p>
   </div>
   <div class='ocr_carea' id='block_1_5' title="bbox 25 2999 1100 3944">
    <p class='ocr_par' dir='ltr' id='par_1_5' title="bbox 25 2999 1100 3944">
     <span class='ocr_line' id='line_1_22' title="bbox 124 2999 1098 3086; baseline 0.007 -21"><span class='ocrx_word' id='word_1_141' title='bbox 124 3011 160 3065; x_wconf 89' lang='lat' dir='ltr'><strong>et</strong></span> <span class='ocrx_word' id='word_1_142' title='bbox 180 3000 381 3086; x_wconf 72' lang='lat' dir='ltr'><strong>emmplmn,</strong></span> <span class='ocrx_word' id='word_1_143' title='bbox 414 3009 451 3064; x_wconf 87' lang='lat' dir='ltr'><strong>ut</strong></span> <span class='ocrx_word' id='word_1_144' title='bbox 471 3000 507 3063; x_wconf 91' lang='lat' dir='ltr'><strong>in</strong></span> <span class='ocrx_word' id='word_1_145' title='bbox 534 3019 645 3063; x_wconf 87' lang='lat' dir='ltr'><strong>omnes</strong></span> <span class='ocrx_word' id='word_1_146' title='bbox 665 2999 828 3065; x_wconf 86' lang='lat' dir='ltr'><strong>auditores</strong></span> <span class='ocrx_word' id='word_1_147' title='bbox 847 3003 986 3068; x_wconf 86' lang='lat' dir='ltr'><strong>multum</strong></span> <span class='ocrx_word' id='word_1_148' title='bbox 1011 3008 1098 3072; x_wconf 83' lang='lat' dir='ltr'><strong>rale-</strong></span> 
     </span>
     <span class='ocr_line' id='line_1_23' title="bbox 125 3105 1096 3195; baseline 0.009 -24"><span class='ocrx_word' id='word_1_149' title='bbox 125 3107 223 3184; x_wconf 86' lang='lat' dir='ltr'><strong>bant,</strong></span> <span class='ocrx_word' id='word_1_150' title='bbox 247 3107 293 3170; x_wconf 91' lang='lat' dir='ltr'><strong>ita</strong></span> <span class='ocrx_word' id='word_1_151' title='bbox 312 3127 380 3171; x_wconf 91' lang='lat' dir='ltr'><strong>non</strong></span> <span class='ocrx_word' id='word_1_152' title='bbox 395 3113 548 3193; x_wconf 84' lang='lat' dir='ltr'><strong>poterant</strong></span> <span class='ocrx_word' id='word_1_153' title='bbox 558 3125 636 3171; x_wconf 73' lang='lat' dir='ltr'><strong>‚non</strong></span> <span class='ocrx_word' id='word_1_154' title='bbox 653 3105 830 3192; x_wconf 88' lang='lat' dir='ltr'><strong>plurimum</strong></span> <span class='ocrx_word' id='word_1_155' title='bbox 846 3109 952 3178; x_wconf 81' lang='lat' dir='ltr'><strong>valere</strong></span> <span class='ocrx_word' id='word_1_156' title='bbox 972 3115 1008 3178; x_wconf 90' lang='lat' dir='ltr'><strong>in</strong></span> <span class='ocrx_word' id='word_1_157' title='bbox 1025 3135 1096 3195; x_wconf 87' lang='lat' dir='ltr'><strong>eos,</strong></span> 
     </span>
     <span class='ocr_line' id='line_1_24' title="bbox 125 3203 1100 3303; baseline 0.008 -25"><span class='ocrx_word' id='word_1_158' title='bbox 125 3216 189 3301; x_wconf 90' lang='lat' dir='ltr'><strong>qui</strong></span> <span class='ocrx_word' id='word_1_159' title='bbox 216 3215 277 3300; x_wconf 90' lang='lat' dir='ltr'><strong>ipsi</strong></span> <span class='ocrx_word' id='word_1_160' title='bbox 305 3213 349 3278; x_wconf 89' lang='lat' dir='ltr'><strong>ad</strong></span> <span class='ocrx_word' id='word_1_161' title='bbox 376 3211 584 3277; x_wconf 87' lang='lat' dir='ltr'><strong>scribendum</strong></span> <span class='ocrx_word' id='word_1_162' title='bbox 609 3233 643 3275; x_wconf 90' lang='lat' dir='ltr'><strong>se</strong></span> <span class='ocrx_word' id='word_1_163' title='bbox 663 3203 840 3303; x_wconf 81' lang='lat' dir='ltr'><strong>accingere</strong></span> <span class='ocrx_word' id='word_1_164' title='bbox 854 3217 890 3282; x_wconf 88' lang='lat' dir='ltr'><strong>in</strong></span> <span class='ocrx_word' id='word_1_165' title='bbox 910 3219 1019 3285; x_wconf 90' lang='lat' dir='ltr'><strong>animo</strong></span> <span class='ocrx_word' id='word_1_166' title='bbox 1039 3221 1100 3286; x_wconf 86' lang='lat' dir='ltr'><strong>ha-</strong></span> 
     </span>
     <span class='ocr_line' id='line_1_25' title="bbox 25 3312 1099 3414; baseline 0.008 -28"><span class='ocrx_word' id='word_1_167' title='bbox 25 3312 26 3315; x_wconf 26' lang='lat'><em>*</em></span> <span class='ocrx_word' id='word_1_168' title='bbox 124 3325 256 3387; x_wconf 86' lang='lat' dir='ltr'><strong>berent.</strong></span> <span class='ocrx_word' id='word_1_169' title='bbox 288 3319 493 3398; x_wconf 75' lang='lat' dir='ltr'><strong>Accedebat,</strong></span> <span class='ocrx_word' id='word_1_170' title='bbox 517 3320 609 3406; x_wconf 91' lang='lat' dir='ltr'><strong>quod</strong></span> <span class='ocrx_word' id='word_1_171' title='bbox 625 3320 697 3406; x_wconf 90' lang='lat' dir='ltr'><strong>ipsa</strong></span> <span class='ocrx_word' id='word_1_172' title='bbox 716 3322 815 3386; x_wconf 86' lang='lat' dir='ltr'><strong>etiam</strong></span> <span class='ocrx_word' id='word_1_173' title='bbox 831 3324 1039 3414; x_wconf 89' lang='lat' dir='ltr'><strong>philosophia</strong></span> <span class='ocrx_word' id='word_1_174' title='bbox 1059 3350 1099 3394; x_wconf 86' lang='lat' dir='ltr'><strong>eo</strong></span> 
     </span>
     <span class='ocr_line' id='line_1_26' title="bbox 125 3426 1098 3514; baseline 0.008 -21"><span class='ocrx_word' id='word_1_175' title='bbox 125 3441 277 3514; x_wconf 87' lang='lat' dir='ltr'><strong>tempore</strong></span> <span class='ocrx_word' id='word_1_176' title='bbox 298 3448 319 3491; x_wconf 90' lang='lat' dir='ltr'><strong>a</strong></span> <span class='ocrx_word' id='word_1_177' title='bbox 340 3426 474 3490; x_wconf 85' lang='lat' dir='ltr'><strong>Socrate</strong></span> <span class='ocrx_word' id='word_1_178' title='bbox 500 3426 544 3490; x_wconf 90' lang='lat' dir='ltr'><strong>ad</strong></span> <span class='ocrx_word' id='word_1_179' title='bbox 562 3427 661 3492; x_wconf 85' lang='lat' dir='ltr'><strong>vitam</strong></span> <span class='ocrx_word' id='word_1_180' title='bbox 682 3447 888 3494; x_wconf 85' lang='lat' dir='ltr'><strong>communem</strong></span> <span class='ocrx_word' id='word_1_181' title='bbox 908 3443 977 3498; x_wconf 87' lang='lat' dir='ltr'><strong>erat</strong></span> <span class='ocrx_word' id='word_1_182' title='bbox 998 3437 1098 3504; x_wconf 77' lang='lat' dir='ltr'><strong>dero-</strong></span> 
     </span>
     <span class='ocr_line' id='line_1_27' title="bbox 128 3534 1100 3624; baseline 0.006 -22"><span class='ocrx_word' id='word_1_183' title='bbox 128 3546 206 3602; x_wconf 87' lang='lat' dir='ltr'><strong>cata</strong></span> <span class='ocrx_word' id='word_1_184' title='bbox 227 3545 260 3599; x_wconf 91' lang='lat' dir='ltr'><strong>et</strong></span> <span class='ocrx_word' id='word_1_185' title='bbox 282 3535 326 3599; x_wconf 92' lang='lat' dir='ltr'><strong>ad</strong></span> <span class='ocrx_word' id='word_1_186' title='bbox 348 3535 427 3598; x_wconf 87' lang='lat' dir='ltr'><strong>alias</strong></span> <span class='ocrx_word' id='word_1_187' title='bbox 448 3544 530 3599; x_wconf 85' lang='lat' dir='ltr'><strong>artes</strong></span> <span class='ocrx_word' id='word_1_188' title='bbox 550 3534 804 3624; x_wconf 82' lang='lat' dir='ltr'><strong>disciplinasque</strong></span> <span class='ocrx_word' id='word_1_189' title='bbox 823 3539 987 3622; x_wconf 89' lang='lat' dir='ltr'><strong>traducta;</strong></span> <span class='ocrx_word' id='word_1_190' title='bbox 1012 3543 1100 3608; x_wconf 86' lang='lat' dir='ltr'><strong>rmde</strong></span> 
     </span>
     <span class='ocr_line' id='line_1_28' title="bbox 127 3642 1096 3734; baseline 0.01 -26"><span class='ocrx_word' id='word_1_191' title='bbox 127 3645 163 3708; x_wconf 90' lang='lat' dir='ltr'><strong>in</strong></span> <span class='ocrx_word' id='word_1_192' title='bbox 198 3642 331 3706; x_wconf 89' lang='lat' dir='ltr'><strong>historia</strong></span> <span class='ocrx_word' id='word_1_193' title='bbox 361 3663 496 3730; x_wconf 91' lang='lat' dir='ltr'><strong>quoque</strong></span> <span class='ocrx_word' id='word_1_194' title='bbox 519 3643 638 3707; x_wconf 83' lang='lat' dir='ltr'><strong>exstitit</strong></span> <span class='ocrx_word' id='word_1_195' title='bbox 663 3644 930 3734; x_wconf 81' lang='lat' dir='ltr'><strong>philosophandi·</strong></span> <span class='ocrx_word' id='word_1_196' title='bbox 944 3651 1096 3718; x_wconf 81' lang='lat' dir='ltr'><strong>studium.</strong></span> 
     </span>
     <span class='ocr_line' id='line_1_29' title="bbox 131 3751 1096 3846; baseline 0.011 -33"><span class='ocrx_word' id='word_1_197' title='bbox 131 3751 229 3832; x_wconf 83' lang='lat' dir='ltr'><strong>Quod</strong></span> <span class='ocrx_word' id='word_1_198' title='bbox 259 3751 366 3837; x_wconf 90' lang='lat' dir='ltr'><strong>ipsum</strong></span> <span class='ocrx_word' id='word_1_199' title='bbox 397 3772 436 3815; x_wconf 90' lang='lat' dir='ltr'><strong>eo</strong></span> <span class='ocrx_word' id='word_1_200' title='bbox 465 3751 592 3815; x_wconf 81' lang='lat' dir='ltr'><strong>facilius</strong></span> <span class='ocrx_word' id='word_1_201' title='bbox 618 3773 678 3816; x_wconf 86' lang='lat' dir='ltr'><strong>usu</strong></span> <span class='ocrx_word' id='word_1_202' title='bbox 708 3754 817 3820; x_wconf 82' lang='lat' dir='ltr'><strong>venire</strong></span> <span class='ocrx_word' id='word_1_203' title='bbox 845 3766 995 3842; x_wconf 88' lang='lat' dir='ltr'><strong>poterat,</strong></span> <span class='ocrx_word' id='word_1_204' title='bbox 1026 3779 1096 3846; x_wconf 91' lang='lat' dir='ltr'><strong>quc</strong></span> 
     </span>
     <span class='ocr_line' id='line_1_30' title="bbox 130 3857 1096 3944; baseline 0.005 -23"><span class='ocrx_word' id='word_1_205' title='bbox 130 3859 291 3944; x_wconf 91' lang='lat' dir='ltr'><strong>aptiorem</strong></span> <span class='ocrx_word' id='word_1_206' title='bbox 307 3857 478 3944; x_wconf 87' lang='lat' dir='ltr'><strong>praeberet</strong></span> <span class='ocrx_word' id='word_1_207' title='bbox 496 3858 701 3943; x_wconf 89' lang='lat' dir='ltr'><strong>eloquentiae</strong></span> <span class='ocrx_word' id='word_1_208' title='bbox 721 3862 932 3930; x_wconf 83' lang='lat' dir='ltr'><strong>ostentandae</strong></span> <span class='ocrx_word' id='word_1_209' title='bbox 950 3865 1096 3928; x_wconf 82' lang='lat' dir='ltr'><strong>occasio-</strong></span> 
     </span>
    </p>
   </div>
   <div class='ocr_carea' id='block_1_6' title="bbox 127 3966 1094 4054">
    <p class='ocr_par' dir='ltr' id='par_1_6' title="bbox 127 3966 1094 4054">
     <span class='ocr_line' id='line_1_31' title="bbox 127 3966 1094 4054; baseline 0.007 -24"><span class='ocrx_word' id='word_1_210' title='bbox 127 3987 213 4031; x_wconf 88' lang='lat' dir='ltr'><strong>nem.</strong></span> <span class='ocrx_word' id='word_1_211' title='bbox 243 3966 353 4054; x_wconf 83' lang='lat' dir='ltr'><strong>Atque</strong></span> <span class='ocrx_word' id='word_1_212' title='bbox 372 3967 417 4032; x_wconf 88' lang='lat' dir='ltr'><strong>ita</strong></span> <span class='ocrx_word' id='word_1_213' title='bbox 437 3977 552 4036; x_wconf 87' lang='lat' dir='ltr'><strong>natum</strong></span> <span class='ocrx_word' id='word_1_214' title='bbox 570 3976 615 4032; x_wconf 86' lang='lat' dir='ltr'><strong>est</strong></span> <span class='ocrx_word' id='word_1_215' title='bbox 635 3988 757 4036; x_wconf 86' lang='lat' dir='ltr'><strong>novum</strong></span> <span class='ocrx_word' id='word_1_216' title='bbox 775 3971 1026 4042; x_wconf 85' lang='lat' dir='ltr'><strong>conscribendae</strong></span> <span class='ocrx_word' id='word_1_217' title='bbox 1043 3969 1094 4037; x_wconf 91' lang='lat' dir='ltr'><strong>hi·</strong></span> 
     </span>
    </p>
   </div>
   <div class='ocr_carea' id='block_1_7' title="bbox 0 0 1449 5017">
    <p class='ocr_par' dir='ltr' id='par_1_7' title="bbox 0 0 1449 5017">
     <span class='ocr_line' id='line_1_32' title="bbox 0 0 1449 5017; baseline 0 0"><span class='ocrx_word' id='word_1_218' title='bbox 0 0 1449 5017; x_wconf 95' lang='lat' dir='ltr'><strong> </strong></span> 
     </span>
    </p>
   </div>
  </div>
 </body>
</html>
