2867 5017
788 414 832 479 98

333 618 422 704 piam
454 635 493 676 ex
511 614 564 675 'iis
600 630 759 675 eruamus.
813 610 851 673 Et
877 608 1065 695 praesertim
1090 605 1155 667 hoc
1187 603 1325 669 dictum

336 727 375 787 ait
401 724 444 786 de
475 721 560 784 fictis
591 719 812 793 orationibus,
846 716 967 802 quibus
993 712 1159 777 historiam
1190 712 1237 775 ad
1262 732 1321 774 ae-

335 832 484 917 qualium
504 849 638 893 suorum
658 828 817 891 rationem
834 820 1092 887 accommodavit
1111 818 1184 907 (1),
1211 836 1325 905 quae·

319 960 400 1025 -que
417 949 513 1003 tanto
539 937 678 1001 artificio
699 936 905 1021 conscriptae
923 940 1014 1007 sunt,
1040 938 1131 991 tanta
1152 928 1322 1012 eloquen-

336 1050 401 1111 tiae
422 1049 453 1113 ri
475 1066 515 1109 ae
536 1045 690 1110 varietate
715 1039 980 1114 commendatae,
1013 1046 1050 1100 ut
1070 1034 1180 1099 etalii
1203 1052 1323 1132 omnes

320 1156 370 1217 iu
392 1173 504 1217 earum
526 1151 714 1215 laudatione
729 1146 861 1235 plurimi
878 1164 1003 1231 semper
1022 1142 1166 1218 luerint,
1191 1150 1228 1204 et
1249 1140 1322 1225 ipse

336 1259 586 1338 Demosthenes,
618 1266 786 1323 oratorum
817 1265 985 1340 tamquam
1010 1272 1085 1327 rex,
1118 1268 1191 1313 non
1218 1244 1324 1310 dubi·

322 1368 451 1431 -taverit
476 1387 560 1454 opus
580 1365 829 1452 Thucydideum
857 1384 915 1428 sua
940 1382 1039 1427 manu
1061 1358 1165 1422 octies
1191 1352 1322 1422 descri-

324 1474 433 1551 -bere,
469 1484 506 1539 ut
527 1484 595 1539 tam
622 1476 783 1562 praeclari
809 1470 947 1559 exempli
973 1467 1164 1535 excellentia
1182 1464 1323 1553 penitus

324 1582 532 1645 imbueretur
553 1582 616 1669 (2)

378 1688 521 1753 Breviter
540 1690 653 1774 itaque
672 1699 815 1752 nostram
841 1688 972 1751 rationis
997 1680 1234 1767 Thucydideae
1260 1697 1323 1741 err-

324 1794 546 1881 ·plicetionem
578 1796 624 1859 ita
661 1796 912 1861 contrahamus:
953 1794 1030 1862 Veri
1063 1787 1321 1856 studiosissimus

327 1900 507 1965 -lustorieus
527 1898 611 1965 nihil
632 1910 763 1987 praeter
782 1920 894 1965 verum
922 1909 953 1963 et
976 1908 1100 1963 certum
1129 1912 1320 1959 memorare

336 2007 458 2083 voluit,
481 2006 539 2071 sed
565 2006 703 2071 eandem
725 2009 890 2072 veritatem
917 2010 961 2071 ita
987 2016 1064 2093 apto
1091 2016 1123 2069 et
1147 2005 1319 2069 concinne

331 2115 504 2201 exposuit,
540 2116 585 2177 ita
618 2115 717 2201 digne
751 2116 807 2179 tali
842 2125 1033 2203 argumento
1067 2115 1228 2201 gravitate
1254 2112 1317 2175 de-

333 2221 481 2305 scripsit,
517 2231 553 2283 ut
574 2242 661 2305 quae
682 2242 722 2285 ex
745 2221 898 2287 historiae
919 2222 1026 2285 studio
1045 2206 1166 2286 utilitas
1185 2221 1316 2285 redun-

333 2328 412 2391 dare
436 2325 575 2405 debeat,
606 2329 733 2392 nullum
755 2338 913 2393 attentum
939 2330 1094 2393 lectorem
1121 2330 1224 2393 latere
1257 2335 1317 2392 aut

331 2435 444 2522 lugere
469 2437 578 2521 possit.

773 2645 845 2731 qe.

711 2860 912 2949 Xenophon.

333 3120 338 3126 ·
373 3079 449 3141 Post
478 3077 704 3162 Thucydidem
734 3080 768 3141 in
797 3078 930 3140 historie
961 3076 1071 3138 floruit
1100 3046 1309 3161 Xenophon,

336 3184 478 3245 eiusdem
512 3185 617 3246 laudis
651 3185 766 3246 socius.
813 3182 879 3262 Qui
911 3183 936 3244 si
964 3182 1055 3245 nullo
1088 3180 1151 3245 alio
1177 3183 1314 3249 nomine

336 3288 378 3351 de
410 3288 544 3375 posteris
578 3288 661 3353 hene
693 3290 880 3367 meruisset,
923 3288 988 3353 hoc
1022 3300 1109 3355 certe
1143 3292 1312 3356 meruisset

335 3399 482 3487 egregie,
519 3401 612 3487 quod
637 3399 837 3488 Thucydidis
868 3402 988 3488 scripta
1018 3402 1053 3467 in
1077 3400 1217 3466 obscuro
1259 3399 1311 3462 la·

328 3566 461 3637 rigendum
488 3573 587 3617 censet:
614 3570 641 3621 εἰ
659 3570 692 3619 δέ
709 3568 736 3633 γ’
759 3568 872 3635 leucade
898 3568 933 3618 N.
954 3588 975 3619 r.
1003 3567 1044 3617 Μ.
1078 3556 1202 3631 Equidem
1224 3556 1318 3614 dubito

328 3677 359 3711 an
378 3659 460 3728 potius
475 3655 635 3728 eoriltendum
652 3656 699 3707 til:
725 3662 752 3711 al
770 3660 804 3710 dl
821 3660 846 3723 γ’
866 3658 967 3711 ἔναντα
982 3659 1019 3709 N·
1037 3677 1060 3709 a·
1078 3657 1122 3707 M.

363 3750 406 3819 (1)
433 3750 470 3801 Cl.
487 3751 616 3802 lleierotto
633 3751 649 3803 l.
666 3751 682 3801 1.
702 3768 726 3820 p.
744 3750 798 3800 525
817 3766 872 3818 sqq.
908 3748 946 3801 De
966 3747 1020 3798 isne
1041 3753 1145 3813 auem,
1172 3763 1224 3818 quo
1244 3747 1308 3801 talea

337 3843 468 3897 conciones
496 3841 613 3895 historiae
652 3844 787 3895 immiscuit
823 3840 1001 3912 Thucydides,
1037 3840 1163 3915 praeclare
1198 3840 1307 3916 disputat

337 3939 477 4006 Borqerua,
505 3936 540 3990 de
553 3935 636 4009 fietis
651 3937 685 3989 in
704 3935 771 3991 tin.
791 3938 984 4003 orationibus,
1003 3955 1029 4009 p.
1049 3938 1084 3993 89
1102 3956 1157 4011 sqq.

361 4031 403 4100 (l)
431 4031 568 4100 melanus,
586 4029 730 4107 adversus
750 4028 910 4105 indoctam,
929 4050 952 4087 e.
971 4034 996 4091 l.
