2867 5017
810 357 854 419 tt

346 575 414 646 quo
430 554 610 642 promptius
629 570 668 614 ac
688 552 808 618 certius
829 570 868 613 eo
888 551 1105 627 ducerentur,
1141 553 1321 619 adrmren·

345 666 421 728 dam
442 662 479 726 iis
499 680 631 724 manum
652 658 886 722 auxiliatricem
897 669 998 736 ratus,
1023 660 1195 724 innumeris
1210 682 1321 746 paene

344 772 424 834 locis
444 769 616 834 monitans
628 777 803 854 praecepta
823 769 999 831 narrationi
1020 757 1204 843 immiscuit,
1229 779 1264 831 ut
1276 791 1321 832 ex

346 897 453 941 rerum
470 883 544 938 ante
564 882 711 936 actarum
729 873 941 958 intelligentia
962 874 1006 938 ad
1022 895 1134 938 omnes
1150 877 1234 940 ritae
1245 898 1322 961 par-

344 995 392 1049 tes
412 982 572 1070 proficere
594 981 753 1044 discerent
771 981 914 1044 studiosi
959 982 1014 1046 Sic
1042 983 1127 1050 enim
1148 982 1218 1046 lore
1240 1005 1319 1070 spe-

343 1091 453 1166 rabat,
479 1099 516 1152 ut
534 1096 717 1152 constanter
741 1085 800 1150 sibi
818 1087 863 1150 ob
881 1088 997 1152 oculos
1015 1100 1193 1174 ponerent,
1227 1092 1320 1157 ahoe

344 1197 451 1264 »illud
469 1195 646 1281 praecipue
664 1213 730 1256 esse
748 1193 783 1258 in
798 1195 982 1280 cognitione
1003 1217 1112 1263 rerum
1132 1197 1261 1262 salubre
1275 1221 1319 1264 ac

344 1304 574 1390 »frugiferum
599 1300 702 1363 onmis
724 1308 754 1361 tc
776 1300 916 1385 exempli
937 1299 1133 1366 documenta
1147 1305 1183 1368 in
1201 1306 1318 1372 illustri

342 1411 471 1498 ‚posita
495 1416 703 1472 monumento
733 1405 869 1468 intueri:
903 1406 980 1469 inde
1003 1405 1062 1470 tibi
1093 1419 1237 1496 tuaeque
1269 1416 1318 1478 rei

341 1516 519 1603 ‚publicae
534 1512 627 1598 quod
651 1513 788 1588 imitere,
823 1514 951 1598 capias;
983 1514 1058 1578 inde
1074 1516 1207 1582 foedum
1224 1522 1317 1586 ince-

341 1655 355 1686 ι
366 1635 447 1713 ptu,
473 1623 605 1686 foedum
626 1622 730 1696 exitu,
756 1620 848 1704 quod
867 1622 969 1684 vites”
987 1621 1048 1708 (1).
1095 1625 1143 1689 Ne
1161 1629 1234 1712 quis
1252 1650 1313 1693 flu.

339 1745 405 1797 tom
425 1731 556 1793 omnino
574 1728 672 1803 loret,
707 1729 790 1811 quin
809 1728 851 1791 ab
869 1728 1019 1792 historiae
1041 1731 1177 1796 lectione
1192 1735 1313 1800 instru-

340 1842 423 1905 ctior
441 1837 640 1914 diseederet,
664 1837 818 1923 Polybius
840 1839 929 1902 hmrc
951 1844 1175 1928 praecipiendi
1189 1867 1314 1911 morem

337 1951 382 2013 ita
412 1945 642 2031 amplificavit,
676 1955 766 2009 utet
797 1946 1005 2032 prudentiam
1026 1951 1154 2015 civilem
1178 1973 1217 2015 ac
1246 1973 1310 2038 po·

336 2057 476 2130 liticam,
502 2062 533 2116 et
555 2053 759 2137 disciplinam
780 2054 970 2133 militarem,
996 2066 1028 2118 et
1047 2060 1228 2122 communia
1249 2060 1310 2123 ho-

333 2166 457 2228 minum
478 2163 588 2224 officia
610 2162 899 2246 complecteretur,
933 2163 1070 2228 subinde
1089 2166 1186 2229 etiam
1206 2188 1310 2252 pecu·
1424 2166 1431 2191 ²

334 2270 405 2332 liari
432 2272 555 2334 monito
585 2281 707 2334 certam
731 2271 875 2356 aliquam
899 2274 1062 2338 civitatem
1088 2277 1310 2361 compellaret.
1426 2264 1432 2298 ²

217 2381 219 2386 ’
336 2377 428 2458 Quae
450 2380 558 2442 onmia
578 2400 647 2464 quo
668 2380 788 2443 elarius
809 2390 1006 2466 appareant,
1032 2380 1073 2442 de
1088 2380 1219 2465 singulis
1233 2381 1309 2445 brc-

335 2485 416 2549 vitcr
437 2486 496 2548 erit
517 2486 703 2552 videndum.

506 2699 533 2763 1.
566 2700 760 2787 Praecepto
776 2699 925 2785 politica
948 2708 981 2761 et
1001 2698 1131 2762 civilio.

373 2914 443 2976 Iam
473 2935 570 3000 supra
594 2917 729 3001 exposui
759 2915 1000 2978 memorabilem
1029 2915 1121 2977 illum
1149 2916 1258 2979 locum
1287 2941 1306 2980 e

332 3021 415 3084 libro
433 3033 538 3096 sexto,
564 3021 620 3084 ubi
641 3024 747 3106 agitur
765 3021 806 3085 de
828 3022 988 3084 societatis
1007 3022 1110 3085 civilis
1130 3025 1253 3110 origine
1272 3035 1305 3087 et

331 3131 554 3205 incrementis,
587 3130 628 3191 de
646 3130 777 3193 diversis
801 3128 925 3211 imperii
948 3128 1075 3204 formis,
1101 3129 1209 3213 deque
1231 3153 1304 3194 mu-

331 3231 421 3296 tabili
444 3253 556 3298 earum
584 3244 725 3314 natura;
761 3245 830 3298 tum
862 3236 998 3298 alterum
1020 3237 1137 3311 etiam,
1174 3235 1230 3298 ubi
1256 3255 1304 3300 res

331 3339 465 3425 publica
495 3341 654 3406 Romana
677 3362 754 3406 cum
780 3341 847 3404 aliis
877 3342 1063 3408 civitatibus
1084 3353 1302 3429 comparatur.

331 3449 370 3512 ln
404 3450 523 3535 quihus
553 3451 823 3537 disputationibus
855 3462 944 3515 tanta
974 3455 1118 3517 omnium
1147 3471 1303 3514 consensu

331 3558 436 3623 elucet
457 3581 565 3622 rerum
588 3560 731 3623 civilium
752 3560 911 3645 cognitio,
937 3568 1026 3623 tanta
1048 3559 1230 3623 continetur
1250 3576 1301 3618 sn-

330 3665 487 3748 pientium
510 3664 770 3729 observationum
788 3665 1006 3744 abundantia,
1032 3677 1067 3729 ut
1081 3664 1131 3730 vel
1151 3662 1202 3723 his
1217 3659 1300 3722 duo-

331 3767 393 3831 bus
418 3769 496 3832 locis
519 3769 561 3832 ad
578 3772 729 3856 politicos
746 3772 829 3838 bene
850 3773 1061 3840 instituendos
1079 3767 1169 3834 haud
1184 3786 1302 3853 parum
1379 3780 1382 3785 ⁴

362 3994 403 4060 (1)
429 3992 510 4046 Verba
529 3992 590 4044 Livii
610 3994 635 4043 in
655 3994 759 4044 Praelat.
