2867 5017
784 385 806 448 t

314 582 426 646 iratres
446 580 618 644 Ptolemaei
637 601 711 642 eum
730 579 773 642 ab
793 579 931 643 Achaeis
952 587 1098 663 peterent
1118 579 1289 664 equitibus

312 691 376 754 suis
397 688 605 752 auxiliaribus
626 687 830 774 praelectum
854 686 916 774 (l).

356 798 493 859 Secutus
509 806 555 858 est
575 795 777 859 Macedonici
797 797 906 882 regni,
932 795 1060 859 devicto
1078 796 1208 872 Perseo,
1233 798 1286 859 in-

312 906 442 980 teritus,
472 927 572 990 quem
594 915 799 991 'exceperunt
828 913 974 989 tempora
1003 903 1211 968 Achaeorum
1238 907 1288 968 rei

312 1013 466 1100 publicae
484 1001 693 1076 infestissima.
718 1013 860 1077 Romani
878 1012 978 1088 enim,
997 1012 1151 1098 ambigua
1167 1013 1288 1075 horum

308 1121 421 1184 studia
447 1142 541 1206 aegre
571 1122 727 1196 ferentes,
760 1131 794 1183 et
822 1120 915 1183 simul
940 1141 982 1182 ne
1002 1130 1132 1204 praeter
1151 1120 1289 1184 modian

315 1229 398 1314 quid
425 1229 531 1292 moliri
550 1227 724 1289 inanimo
756 1225 930 1302 haberent,
963 1231 1161 1304 metuentes,
1196 1208 1287 1292 mille

314 1361 443 1415 eornm,
469 1337 639 1423 inquibus
656 1348 725 1401 erat
743 1338 912 1423 Polybius,
933 1339 1074 1402 Romam
1088 1347 1288 1415 evocarunt3

314 1448 403 1511 ande
421 1468 498 1510 cum
517 1447 615 1509 ceteri
630 1467 691 1530 per
702 1447 831 1509 ltaliam
847 1447 1120 1532 dispergerentur,
1145 1447 1215 1535 ip'se
1232 1468 1291 1534 ve-

266 1600 269 1606 .
313 1559 402 1618 niam
430 1555 612 1638 impetravit
640 1556 674 1616 in
704 1553 785 1617 urbe
810 1553 974 1616 manendi.
1013 1554 1085 1616 Hoc
1115 1564 1294 1640 acceptam

312 1661 472 1727 referebat
494 1660 621 1724 Aemilii
642 1660 747 1722 Paulli
767 1658 855 1734 filiis,
881 1659 981 1722 Fabio
1002 1668 1034 1722 et
1055 1660 1201 1746 Scipioni
1223 1659 1291 1747 (2),

315 1770 398 1834 Cum
418 1769 468 1832 bis
484 1769 582 1845 enim,
608 1767 795 1852 praesertim
817 1787 893 1828 cum
914 1766 1082 1852 Scipione,
1107 1769 1176 1831 viro
1197 1778 1291 1832 aeta·

313 1880 356 1941 tis
377 1897 455 1939 suae
477 1875 573 1938 facile
598 1873 771 1960 primario,
804 1873 952 1934 intimam
972 1873 1131 1936 amicitiae
1153 1895 1294 1940 consue-

316 1985 463 2048 tudinem
487 1981 718 2058 contraxerat,
753 2001 841 2066 quac
860 1980 1047 2056 communi,
1075 1982 1292 2068 quollagr‘a-

319 2095 412 2169 bant,
434 2092 539 2153 laudis
560 2082 670 2152 amore
688 2109 729 2151 ac
742 2090 825 2152 miro
844 2089 1026 2151 animorum
1042 2088 1293 2174 studiorumque

313 2201 475 2262 ‘consensu
496 2199 530 2260 in
551 2207 677 2260 tantum
699 2208 795 2261 aucta
817 2207 913 2260 estet
932 2196 1143 2273 confirmata,
1167 2209 1295 2263 utnon

318 2307 423 2369 solum
451 2307 484 2368 in
512 2304 639 2367 Italiam
669 2315 701 2366 ct
727 2304 913 2381 Graeciam,
948 2305 1005 2368 sed
1031 2306 1167 2369 ulterius
1195 2309 1296 2373 etiarn

202 2461 206 2466 .
294 2491 296 2496 s
320 2415 388 2476 eius
404 2414 450 2475 rei
468 2413 554 2476 lama
569 2421 775 2499 spargeretur
793 2412 855 2499 (3).
888 2415 933 2477 llx
949 2413 1013 2477 hac
1030 2425 1138 2478 autem
1153 2417 1295 2482 familia—

322 2524 416 2584 ritate
434 2522 600 2607 duplicem
621 2519 775 2605 Polybius
796 2523 903 2584 retulit
922 2522 1112 2602 utilitatem3
1137 2523 1293 2601 alteram',

323 2640 359 2692 ut
380 2629 542 2713 Scipionis
562 2627 785 2692 benevolentia
807 2629 937 2692 adiutus
958 2631 1083 2715 patriae
1102 2654 1180 2696 suae
1199 2633 1297 2696 saluti

317 2737 414 2800 baud
435 2735 641 2799 mediocriter
658 2738 845 2823 prospicere
863 2749 969 2823 posset
987 2736 1060 2825 (ὣς
1085 2743 1233 2816 alteram,
1258 2753 1298 2804 ut

351 3012 396 3080 (1)
424 3009 556 3077 Polybius,
575 3009 591 3059 l.
611 3007 709 3072 xxix,
728 3025 750 3058 c.
769 3006 813 3057 10,

356 3105 399 3174 (2)
427 3101 515 3164 Idem,
535 3101 551 3152 l.
570 3101 684 3163 XXXll,
703 3117 726 3150 c.
745 3101 780 3162 9,
798 3107 824 3148 et
843 3097 1039 3163 clJPatrsanias,
1059 3097 1151 3164 l.Pll,
1169 3104 1247 3154 c.1a.

358 3196 400 3264 (3)
427 3194 468 3247 Uti
485 3193 537 3262 ipse
551 3190 586 3241 ait
602 3191 618 3240 l.
638 3189 752 3254 xxxa,
770 3207 793 3240 c.
803 3191 829 3241 9.
873 3191 929 3258 Quo
945 3189 1001 3241 loco
1017 3191 1116 3261 copiose
1134 3198 1160 3241 et
1169 3190 1299 3259 eleganter

326 3288 446 3358 ‘exponit,
465 3283 593 3356 quomodo
611 3301 654 3336 sna
672 3299 730 3336 cum
746 3281 862 3354 Scipione
877 3281 990 3337 amicitia
1006 3293 1058 3337 tarn
1075 3284 1163 3336 intima
1179 3285 1244 3338 sacta
1254 3288 1295 3342 sit.

326 3379 377 3436 'Cli
388 3381 421 3434 da
439 3379 488 3434 hac
503 3379 671 3432 familiaritate
681 3377 738 3454 ¹loci
755 3375 824 3431 citati
834 3378 902 3450 apud
909 3376 1054 3448 Schweigb.
1070 3381 1125 3433 Vol.
1135 3380 1173 3446 V,
1190 3379 1244 3450 ps
1258 3401 1297 3452 sq.

324 3475 447 3530 ‘Cetemm
456 3475 553 3544 Polybii
565 3491 624 3543 erga
632 3475 775 3544 Scipionem
790 3473 880 3523 merita
892 3481 1046 3541 qrrantopere
1061 3491 1077 3523 a
1090 3473 1215 3524 veteribus
1231 3473 1296 3525 cele-

233 3612 237 3619 .
327 3573 476 3634 brarentur,
493 3570 561 3620 testis
579 3576 615 3619 est
622 3565 772 3632 Pausanias,
791 3567 991 3630 t.vl11,c.ao:
1007 3569 1080 3623 Ὅσα
1097 3574 1145 3635 μὲν
1162 3574 1297 3642 Πολυβίῳ

337 3675 518 3741 παραινοῦντι
536 3670 550 3718 ὁ
568 3667 705 3729 Ῥωμαῖος
724 3660 831 3730 (scipio)
850 3667 980 3718 ἐπείθετο
990 3701 998 3727 ,
1016 3669 1042 3726 ἐς
1059 3669 1145 3738 ὀρθὸν
1161 3671 1295 3738 ἐχώρησεν

337 3761 425 3827 ἀντῷ·
450 3757 468 3807 ἃ
487 3754 518 3806 δὲ
537 3755 585 3805 οὐκ
602 3757 720 3820 ἠκροᾶτο
743 3753 936 3812 διδάσκοντος,
970 3755 1101 3818 γενέσθαι
1128 3758 1154 3806 οἱ
1176 3758 1296 3822 λέγουσνν

332 3849 529 3913 ἁμαρτήματα.
1225 3881 1228 3885 .

362 3935 404 4004 (t)
432 3928 507 4000 Quod
520 3926 612 3979 diserte
631 3932 734 3977 testatur
752 3925 897 3977 Plutarchus
905 3926 932 3977 in
951 3925 1115 3998 Praeceptis
1136 3929 1299 4001 Politics'sp

337 4030 410 4092 att,
436 4025 479 4077 ubi
508 4023 559 4074 ait:
585 4027 701 4093 Καρπὸν
718 4028 746 4077 ἐκ
764 4029 854 4086 φιλίας
871 4031 1031 4096 ἡγεμονικῆς
1049 4031 1134 4094 ἔλαβε
1153 4018 1297 4095 Πολοβίος
