2867 5017
752 362 816 427 118

298 566 386 631 enim
410 557 648 649 pragmaticam
671 553 831 617 rationem
850 553 981 617 minime
1002 573 1068 617 esse
1089 553 1274 634 immilem,

301 673 433 761 ipsique
452 668 535 733 adeo
560 664 713 729 historiae
738 663 872 729 exitium
899 661 977 727 inde
998 661 1186 748 impendere
1207 666 1277 729 cla·

303 779 483 851 mitabent,
512 772 570 837 alii
590 780 707 837 contra
726 768 865 835 eandem
886 778 953 833 tam
973 780 1101 835 atreum
1121 771 1276 839 delendo·

303 890 403 963 bant,
436 885 535 948 tantis
559 880 711 945 laudibus
742 876 1043 965 prosequebantur,
1079 889 1116 942 ut
1144 882 1212 947 sine
1240 902 1279 949 ea

304 992 457 1059 historiae
476 990 530 1054 rix
551 985 738 1074 quidquam
758 984 818 1047 nisi
835 1002 956 1047 nomen
976 986 1117 1071 relinqui
1136 988 1280 1056 affima-

306 1110 389 1165 rent.
429 1094 592 1160 Posterior
611 1092 768 1157 renuntia
789 1091 876 1155 hene
897 1090 1011 1157 habuit
1031 1094 1215 1176 fortunam,
1244 1109 1281 1165 ut

304 1217 484 1295 patronum
510 1210 609 1265 uncta
636 1199 677 1261 ait
701 1198 898 1284 Borgerum,
929 1200 1080 1265 eximium
1101 1214 1133 1266 et
1155 1207 1283 1291 patriae

310 1321 440 1377 nostrae
466 1318 500 1371 et
519 1307 682 1371 bonmum
701 1304 867 1367 literarum
895 1302 1006 1383 decus.
1049 1307 1131 1385 llic,
1156 1319 1192 1372 ut
1213 1320 1282 1374 erat

309 1419 427 1504 magni
447 1415 569 1502 ingenii
587 1412 751 1489 acumine,
776 1410 945 1475 doctrinae
965 1415 1075 1497 eopia,
1093 1415 1284 1503 disputandi

312 1524 505 1599 subtilitate,
528 1521 752 1608 quaestionem
772 1518 921 1583 illumita
944 1522 1110 1599 tractavit,
1135 1532 1171 1587 ut
1192 1527 1284 1611 pn'o·

313 1650 363 1692 res
382 1650 534 1714 quosque
555 1630 597 1692 de
617 1649 657 1692 ea
677 1648 713 1691 re
734 1628 906 1713 scriptores
926 1629 1023 1715 longe
1040 1639 1113 1715 post
1133 1652 1167 1694 se
1187 1634 1286 1698 relin-

313 1743 440 1820 queret.
483 1734 559 1815 Quo
579 1734 681 1819 magis
702 1752 782 1819 ego,
813 1752 905 1795 meae
925 1732 1004 1797 mihi
1022 1734 1183 1799 tenuitatis
1204 1756 1286 1802 con·

314 1844 417 1917 scius,
441 1841 507 1905 hoc
524 1839 621 1904 doleo
630 1876 643 1917 ,·
664 1838 757 1924 quod
777 1839 892 1901 summi
912 1840 997 1904 illius
1016 1842 1076 1905 riri
1097 1845 1286 1909 senteutiam

316 1950 471 2037 amplecti
495 1967 564 2013 nou
589 1945 762 2032 potuerim.
804 1944 1008 2031 Argumentis
1032 1949 1117 2011 enim
1143 1949 1228 2012 lente
1251 1957 1284 2013 et

292 2139 295 2143 ι
316 2064 472 2119 accurate
492 2054 527 2115 in
547 2060 859 2137 utramquepartem
869 2052 1051 2138 perpensis,
1071 2053 1288 2141 improbanda

316 2162 397 2227 milri
416 2162 483 2225 risa
504 2166 551 2221 est
570 2158 654 2219 ratio
675 2157 894 2241 pragmatica,
919 2155 1021 2242 idque
1041 2178 1102 2221 our
1122 2161 1167 2223 ita
1188 2161 1290 2225 usam

315 2269 373 2342 sit,
391 2264 555 2350 explicere
573 2261 755 2348 aggredior.
780 2262 883 2327 Grave
897 2284 973 2327 saue
989 2266 1175 2351 negotium,
1187 2286 1292 2351 quum

318 2376 425 2440 obstet
457 2372 538 2435 tanti
565 2371 626 2436 riri
652 2371 837 2435 auctoritas.
877 2372 941 2435 Sed
967 2374 1139 2459 aggrediar
1162 2385 1289 2451 tamen,

320 2486 385 2549 hac
412 2503 470 2567 spe
498 2480 595 2543 unice
618 2480 734 2553 fretus,
764 2489 819 2555 ut,
848 2480 1058 2555 sierravero,
1083 2498 1150 2545 nou
1172 2490 1293 2545 temere
1354 2462 1360 2471 ’

319 2593 355 2654 in
375 2591 441 2651 hoc
463 2596 628 2649 certamen
643 2585 813 2661 involasse,
837 2586 894 2649 sed
915 2587 994 2651 salsa
1015 2590 1082 2653 reri
1103 2589 1211 2675 specie
1232 2590 1292 2653 de·

321 2703 437 2780 ceptus
456 2711 497 2754 eo
517 2689 679 2754 adductus
697 2709 764 2752 esse
786 2710 927 2756 censear.

364 2801 419 2867 Uti
437 2799 541 2862 ouuus
559 2796 737 2883 disputatio
752 2795 836 2860 hene
854 2798 1050 2865 instituenda
1070 2823 1089 2864 a
1107 2803 1294 2868 delinitione

324 2908 491 2998 proficisci
505 2906 622 2981 debet,
641 2916 677 2969 ut
696 2906 912 2993 intelligatur,
940 2928 1027 2993 quae
1048 2911 1087 2973 sit
1106 2930 1144 2974 eu
1165 2931 1227 2989 ree,
1253 2912 1295 2975 de

325 3039 393 3104 qua
416 3027 549 3105 agatur,
564 3014 611 3077 ita
628 3013 683 3076 hic
704 3033 841 3099 quoque
857 3015 964 3079 statim
981 3017 1213 3105 attendendum
1232 3030 1292 3096 eet,

327 3125 411 3210 quid
431 3125 471 3187 sit
492 3122 643 3197 historia,
676 3120 761 3206 quid
782 3120 841 3184 sibi
863 3121 982 3185 lrabeat
1003 3126 1215 3210 propositum.
1250 3126 1295 3189 lt

326 3229 386 3294 lud
407 3238 516 3291 autem
536 3228 682 3289 omnium
699 3228 881 3290 testimonio
899 3238 1038 3307 constet,
1064 3231 1228 3296 historiam
1248 3250 1297 3297 ee-

327 3358 361 3402 se
387 3354 497 3400 rerum
517 3342 678 3420 gestarum
701 3334 935 3411 narrationem,
963 3337 1179 3416 urceorum,
1211 3356 1298 3424 quae

328 3464 487 3530 umquam
515 3440 712 3517 acciderint,
746 3441 794 3504 ita
825 3451 860 3505 ut
884 3441 1092 3522 acciderunt,
1125 3444 1298 3529 expositio-

330 3574 423 3629 nem3
453 3558 601 3635 spectare
630 3557 742 3611 autem
763 3547 845 3623 hoe,
881 3570 949 3612 »ne
971 3551 1142 3629 occidant,
1177 3551 1300 3636 quibus

335 3656 520 3720 »debeatur
542 3656 713 3719 aeternitas
735 3652 820 3740 (l).”
862 3655 954 3735 Quae
976 3656 1145 3744 disciplina
1167 3668 1203 3721 ut
1225 3680 1299 3745 gra·

332 3765 464 3827 ritatem
485 3769 518 3822 et
532 3760 724 3845 dignitatem
733 3762 958 3841 nanciscatur,
984 3786 1177 3854 unum-prae
1188 3768 1302 3833 ceteris

322 3918 524 3940 Μ

360 3986 404 4054 (1)
431 3981 514 4037 verta
533 3982 603 4034 rana
621 3983 637 4037 t
654 3984 672 4036 ι
