2867 5017
699 1115 858 1175 carith
882 1120 936 1175 11.

641 1326 806 1366 contrario
826 1326 996 1367 tttsrtwtwa.

379 1532 596 1626 Accedimus
623 1559 665 1623 ad
687 1559 905 1644 gravissimam
930 1556 1159 1643 disquisitionis
1180 1573 1312 1629 nostrae

337 1681 479 1758 partem,
505 1689 573 1752 qua
590 1668 761 1753 Polybium
782 1686 858 1729 cum
879 1666 1040 1752 prioribus
1059 1667 1215 1733 historicis
1233 1672 1311 1733 col*

338 1779 454 1855 laturi,
485 1786 645 1860 quatenus
672 1776 710 1838 iis
739 1784 795 1837 aut
816 1774 1047 1861 praeferendus
1071 1775 1109 1838 sit
1131 1786 1187 1838 aut
1215 1788 1311 1863 post·

339 1884 528 1975 ponendus,
553 1882 827 1969 investigabimus.
857 1880 949 1961 Quae
971 1882 1145 1968 disputatio
1165 1893 1201 1946 ut
1223 1886 1314 1948 iusto

341 1994 455 2057 ordine
478 1992 649 2080 procedat,
674 1994 781 2077 primo
801 1992 876 2054 loco
897 1992 1054 2054 rationem
1075 1993 1313 2077 pragmaticam

339 2099 592 2164 examinabimus
619 2099 782 2174 universe,
816 2108 847 2161 et
878 2097 1091 2184 probandanc
1113 2100 1152 2161 sit
1178 2119 1220 2162 an
1248 2102 1314 2165 im·

338 2206 531 2293 probanda,
556 2205 755 2283 videbimus3
780 2216 849 2268 tum
870 2205 952 2291 quid
973 2207 1007 2268 in
1025 2206 1090 2268 hoc
1109 2206 1249 2284 iudicio,
1278 2219 1316 2272 ut

338 2337 413 2381 vere
441 2323 620 2391 statuatur,
649 2315 859 2401 peculiariter
889 2315 930 2378 de
955 2312 1092 2398 Polybio
1112 2314 1318 2379 monendum

342 2425 399 2499 sit,
425 2422 679 2507 explicabimus;
704 2422 836 2487 tandem
857 2443 895 2484 ex
917 2420 966 2482 his
986 2419 1149 2496 omnibus,
1175 2422 1260 2503 quid
1284 2423 1321 2485 in

344 2530 495 2614 Polybio,
531 2531 613 2614 quid
644 2532 677 2592 in
708 2527 872 2615 prioribus
892 2525 1050 2587 historicis
1078 2536 1242 2609 praestare
1266 2530 1320 2592 vi-

334 2638 472 2711 deatur,
498 2635 637 2699 breviter
655 2634 840 2698 indicaturi.

728 2860 922 2895 annon-—

738 3027 869 3083 Scotto
886 3028 919 3083 1.

458 3193 539 3233 ‘atrro
559 3191 660 3229 rotran
680 3190 849 3228 Parentales
869 3186 1037 3228 nltunlcllttlt
1057 3189 1193 3230 UlllVEltSE.

383 3377 613 3487 Quamquam
638 3397 784 3461 universe
808 3395 942 3480 quidem
968 3417 1042 3462 vere
1063 3398 1188 3463 dictum
1209 3411 1255 3464 est
1275 3404 1317 3466 il-

346 3515 424 3592 lud,
466 3507 657 3573 »historiam
688 3524 826 3591 quoquo
858 3505 956 3568 modo
988 3508 1141 3594 scriptam
1172 3507 1318 3573 delecta.

351 3646 410 3689 »re
435 3617 482 3707 (l)
496 3618 526 3694 ,⁷²
552 3616 631 3702 quia
651 3616 721 3699 ipsa
743 3614 777 3676 in
797 3632 862 3675 sese
883 3614 956 3676 satis
975 3634 1125 3702 magnam
1145 3612 1264 3687 habeat
1284 3627 1318 3680 et

388 3867 430 3935 (1)
448 3862 490 3917 Uti
512 3861 548 3912 ait
567 3859 659 3911 Plinius
674 3860 747 3922 Sec,
765 3857 857 3927 Epist.
875 3858 891 3909 l.
908 3858 944 3923 V,
962 3858 1006 3927 Ep.
1023 3860 1048 3911 8.
1077 3862 1162 3913 liceat
1177 3863 1244 3914 enim
1267 3864 1314 3915 rni-

351 3962 378 4013 hi
397 3960 461 4011 baec
484 3953 561 4008 verba
580 3954 606 4003 in
625 3953 767 4003 uuiverarm
787 3951 922 4017 adhibere,
949 3951 1038 4020 quibus
1057 3955 1108 4025 ipsc
1128 3956 1219 4008 Plinius
1237 3956 1314 4009 solam

353 4054 471 4107 orationis
489 4047 632 4103 facultatem
652 4052 753 4114 spectat.
