2867 5017
484 635 638 715 oscor
662 641 698 700 1.

136 845 275 888 errorum
295 844 431 887 msrosur
456 847 668 890 couscsrrrsmr
688 832 780 905 sirio,
801 850 871 907 putu
890 852 1039 894 ramerum

139 930 143 935 '
391 958 395 963 ·
437 942 563 985 ‘risonis
583 945 725 987 rrsromcr.

546 1304 562 1388 ᾗ
591 1306 617 1367 1..

481 1538 684 1603 Herodotus.

139 1736 367 1827 Herodotus,
393 1753 633 1837 antiquissimus
653 1753 726 1828 ille,
750 1775 849 1839 quem
870 1762 1069 1844 superstitem

101 1863 272 1937 habemus,
300 1851 423 1924 solutae
444 1860 596 1925 orationis
617 1861 772 1944 scriptor,
802 1882 875 1925 vere
898 1864 1066 1931 eCioero·

22 2045 23 2058 χ
99 1990 136 2034 uc
155 1968 308 2031 historiae
329 1977 423 2051 pater
446 1966 629 2051 appellatus
649 1974 695 2027 est
716 1964 779 2049 (l).
819 1967 883 2046 Qui
904 1971 988 2033 enim
1009 1995 1066 2037 an.

97 2085 147 2140 tea
167 2094 221 2137 res
237 2082 346 2157 gestes
365 2073 466 2145 literis
489 2054 743 2151 mandaverant,
766 2072 922 2150 Cadmus,
947 2076 1068 2163 Diony-

95 2180 159 2258 sius
176 2188 210 2241 et
233 2180 414 2256 Hecataeus
434 2178 561 2253 Milesii,
586 2176 933 2263 Pherecydes'Lerius,
958 2184 1066 2257 Hella-

96 2288 201 2361 nicus,
227 2284 391 2359 Acusilas,
417 2285 488 2359 alii,
512 2284 635 2353 ieiunos
654 2294 780 2369 tantum
801 2289 932 2351 annales
955 2293 1067 2355 conse·

97 2401 207 2457 ceraut
234 2400 267 2453 et
299 2392 391 2455 »sine
414 2392 487 2454 ullis
514 2393 710 2456 ornamentis
734 2404 941 2457 monumenta
963 2398 1067 2461 solum

99 2509 323 2585 »temporum,
354 2496 539 2572 hominum,
571 2498 737 2572 locorum,
768 2507 994 2584 gestarumque
1015 2524 1066 2565 re.

100 2630 195 2671 »rum
216 2594 440 2689 reliqueram
470 2603 533 2688 (2).
570 2604 717 2685 Quorum
738 2604 812 2669 libri
833 2606 984 2669 historiae
1004 2630 1064 2673 no-

97 2715 179 2777 mine
200 2714 254 2777 vix
275 2711 365 2795 digni
388 2719 479 2773 erant
500 2707 680 2771 iudicandi.
721 2708 786 2771 Sed
807 2708 892 2771 hanc
913 2710 972 2773 sibi
994 2713 1065 2775 lau-

96 2821 170 2883 dem
198 2817 376 2885 vindicarit
397 2815 597 2888 Herodotus,
626 2814 685 2898 qui
706 2824 738 2875 et
759 2816 881 2899 primus
901 2815 1066 2881 historiam

22 2941 23 3006 t
96 2948 134 2988 ex
161 2926 306 3011 angustis
338 2933 484 2988 veterum
515 2922 644 2985 illorum
674 2922 829 2985 limitibus
858 2924 892 2987 in
920 2925 1066 3009 latiorem

22 3011 23 3044 ³
97 3055 249 3123 eampum
270 3033 382 3098 eduxit
402 3032 649 3114 rmiversamque
669 3032 868 3115 composuit,
893 3041 924 3093 et
945 3030 1063 3095 dictio-

95 3144 140 3206 nis
161 3142 321 3205 facultate
339 3137 588 3203 commcndavit.
620 3137 735 3220 Neque
755 3138 819 3199 hoc
838 3141 956 3202 mirum
976 3142 1065 3205 acci·

96 3250 172 3313 dere
199 3258 324 3331 potest,
354 3248 379 3309 si
401 3256 564 3331 tempora,
596 3244 716 3328 quibus
736 3246 879 3319 vivebat,
909 3248 1062 3333 respicie-

94 3376 176 3417 mus.
212 3352 493 3429 Gravissimum,
516 3374 603 3439 quae
625 3375 664 3415 ex
685 3353 760 3415 Asia
781 3354 962 3437 ingruerat,
987 3355 1063 3418 belli

95 3461 193 3546 pestis
211 3462 395 3549 coniunctis
415 3461 535 3525 viribus
554 3472 682 3525 strenue
704 3481 744 3523 ac
765 3459 901 3522 feliciter
922 3468 990 3521 erat
1011 3482 1061 3522 re-

96 3572 205 3654 pulsa,
232 3568 366 3633 liberata
384 3580 453 3632 erat
475 3571 620 3634 universa
641 3568 776 3631 Graecia
796 3577 827 3629 et
848 3569 1064 3651 praesentium

97 3676 314 3759 periculorum
344 3677 542 3752 discrimine,
579 3686 610 3737 et
637 3676 821 3739 instantium
843 3687 940 3741 metu.
987 3676 1061 3759 Quo

123 3901 165 3967 (1)
194 3900 233 3951 De
254 3898 385 3971 legibus,
405 3899 420 3951 Ι.
439 3900 503 3963 l,c
530 3900 555 3950 l.

127 3992 170 4059 (2)
198 3995 230 4049 Ut
249 3993 358 4065 loquittu
377 3992 534 4058 Cicero,*cle
555 3992 664 4047 Orati.
683 3994 728 4060 ll,
747 3995 829 4047 cla.
868 4054 889 4077 Ι,
940 4070 942 4075 Ι
