2867 5017
583 382 622 444 dl

126 571 262 651 «lyrica
287 571 349 660 (1).
389 572 473 638 Vere
501 573 614 659 ituqne
642 572 798 639 Herodoti
831 577 1002 663 imaginem
1031 578 1088 640 de-

21 757 22 768 )
123 684 223 769 pinxit
248 680 538 767 wyttenbachius,
570 680 629 745 ubi
658 682 720 746 ait:
758 682 938 748 »Nauaron
965 684 1086 757 dulcis,

126 790 246 865 »lenis‚
279 784 457 865 candidus,
492 798 531 851 ut
560 788 628 850 iere
655 808 761 853 senem
789 793 896 856 ridere
924 791 1092 855 videamur

127 905 223 982 »post
243 894 440 980 longinquas
460 896 734 981 peregrinationes
755 898 843 961 domi
863 900 1033 976 reducet,
1057 902 1092 965 in

126 1000 228 1063 »solio
252 1000 433 1078 sedentem,
465 1000 603 1063 libenter
623 1001 815 1065 referentem
837 1024 912 1067 oum
933 1024 1020 1089 quae
1041 1008 1091 1071 ri-

21 1100 22 1104 ’
127 1109 256 1184 rideret,
282 1118 351 1172 tum
362 1131 449 1193 quae
460 1110 646 1187 audiverat,
670 1130 712 1173 ne
732 1111 771 1175 iis
782 1112 917 1197 quidem
937 1114 1088 1198 exceptis,

21 1261 22 1268 .
127 1236 237 1303 »quae
255 1218 458 1282 incredibilia
476 1219 546 1304 ipse
564 1217 750 1281 iudicaret”
767 1216 829 1305 (2).
865 1218 966 1281 Nemo
984 1230 1091 1283 autern

123 1344 187 1389 non
204 1324 309 1401 videt,
334 1324 416 1389 haec
432 1325 595 1389 scribendi
615 1326 699 1389 ratio
721 1346 822 1412 quam
843 1326 937 1413 longe
963 1326 1091 1391 differat

124 1451 143 1494 a
170 1432 298 1495 ratione
328 1430 473 1516 Polybii,
503 1448 603 1515 quem
634 1432 744 1515 potius
775 1432 919 1518 appelles
950 1432 1092 1518 philoso-

21 1617 22 1638 ἢ
124 1536 243 1622 phnm,
269 1536 434 1601 historiam
455 1536 498 1599 de
517 1535 676 1601 cathedra
694 1538 792 1603 docte
813 1539 1039 1624 explicantem.

570 1751 644 1837 ra.

504 1963 720 2049 usurpans.
801 1925 803 1929 ’

164 2178 377 2260 Quamquam
402 2171 609 2263 Thucydiden
636 2181 792 2245 Herodoti
817 2182 1030 2245 aemulatione
1051 2181 1095 2244 ad

122 2284 293 2347 historiam
310 2282 514 2350 scribendam
532 2290 665 2352 accessit
679 2288 748 2375 (3),
772 2289 895 2355 diversa
914 2299 1022 2353 tamen
1041 2306 1094 2351 ra-

123 2391 212 2453 tione
232 2391 268 2452 in
288 2410 326 2453 ea
348 2414 384 2455 re
404 2405 546 2459 versatus
567 2406 624 2460 est.
668 2396 783 2481 Neque
807 2398 893 2459 enim
913 2396 1026 2459 iisdem
1046 2394 1093 2457 ri·

21 2567 22 2578 y
121 2497 218 2563 vebat
240 2497 454 2583 temporibus,
483 2522 593 2585 neque
618 2500 734 2563 eadem
760 2499 939 2585 spectabat.
980 2497 1096 2561 Paucis

21 2681 22 2684 Ἴ
122 2604 257 2689 quidem
275 2605 366 2668 annis
384 2606 550 2670 Herodoto
566 2606 673 2669 minor
690 2615 760 2669 erat
779 2604 849 2691 (d),
873 2604 918 2667 ita
940 2613 976 2666 ut
990 2604 1096 2669 virum

21 2711 22 2756 l
121 2732 205 2796 puer
221 2711 354 2787 viderit,
379 2711 436 2797 sed
456 2712 573 2796 exiguo
593 2708 658 2773 hoo
679 2711 833 2795 temporis
853 2711 1021 2775 intervallo
1042 2710 1093 2772 in·

21 2807 22 2836 l

151 2904 195 2974 (1)
223 2902 318 2976 Epist.
334 2902 373 2955 ud
386 2903 480 2973 Pomp.
490 2903 555 2975 opp.
565 2903 619 2958 Vul.
635 2904 686 2969 Vl,
704 2920 730 2973 p.
749 2903 810 2956 774.

152 2996 196 3066 (2)
222 2996 302 3047 Praei.
321 2994 355 3046 ad
374 2994 430 3047 Sel.
450 2995 546 3047 Panno.
563 2996 637 3049 Hirt.
658 2996 704 3047 Gr.
721 2995 788 3065 p.X.
825 2994 903 3046 Recte
920 2994 995 3045 etiam
1012 2996 1090 3047 Creu-

21 3133 22 3152 .
126 3108 196 3142 zenu
216 3090 243 3141 iu
262 3088 326 3141 libro
351 3086 498 3141 »Herodot
515 3086 578 3139 arrd
598 3086 796 3162 Thucydider”
821 3087 956 3158 inscripto,
980 3106 1006 3159 p.
1024 3088 1091 3152 124,

34 3211 38 3218 =
125 3182 152 3233 in
171 3182 300 3234 Herodoto
318 3182 445 3235 laudarit:
479 3182 552 3232 nllie
571 3181 676 3251 Episehe
692 3180 782 3245 lirrhe„
810 3178 856 3231 das
881 3180 968 3249 atetige
987 3178 1093 3231 Gleich-

21 3337 22 3350 ἵ
125 3292 143 3323 n
153 3272 282 3341 gewioht‚
300 3270 344 3324 die
361 3272 522 3324 Homerieche
539 3270 783 3341 Unbeiangenheit.”
802 3268 848 3323 Cll'.
861 3273 936 3325 etiarn
955 3270 1093 3325 eiuaverba

126 3380 208 3434 nuque
226 3362 260 3416 ad
276 3380 302 3433 p.
323 3364 384 3414 127.

153 3456 199 3525 (3)
225 3455 396 3508 limationem
420 3453 455 3507 de
479 3450 629 3525 Thucydide
654 3471 734 3525 puero
763 3454 937 3520 flendum,
964 3474 1042 3526 quum
1066 3457 1093 3511 in

126 3549 192 3604 ludis
210 3550 335 3621 Olympii»
353 3548 470 3603 historiae
491 3569 547 3604 urar
568 3552 701 3617 recitaret,
721 3548 857 3617 audiente,
885 3567 964 3619 eaque
985 3551 1092 3605 tectione

127 3644 161 3700 ad
179 3645 294 3697 lacrimas
313 3654 459 3713 commoto,
482 3644 641 3699 tradiderunt
656 3642 746 3695 Suidaa
770 3644 796 3697 in
816 3661 839 3696 v.
866 3650 1042 3719 Θουκυδίδης
1064 3654 1090 3699 et

133 3741 213 3807 ὀργᾶν
220 3773 230 3801 ,
248 3736 365 3806 Plotius,
375 3740 449 3792 Bibl.
464 3739 524 3793 Cod.
534 3735 557 3791 ξ’
571 3775 581 3807 ,
599 3748 625 3790 et
633 3738 788 3791 Marcellinus
797 3739 822 3790 in
836 3740 900 3791 Viro
913 3738 1099 3815 Thucydide,

128 3828 196 3896 ᾗδὲ.
220 3828 272 3882 Sed
291 3831 349 3885 ride
366 3834 508 3886 Goellerum
527 3831 649 3885 debuine
671 3834 706 3885 rei
727 3832 902 3905 probabilitate
924 3832 1091 3907 disputantem

21 3951 22 3956 =
128 3920 153 3972 in
169 3924 219 3975 vita
242 3924 397 3995 Thucydidis
413 3926 516 3979 editioni
535 3926 659 3997 praefixa,
677 3945 703 3998 p.
721 3930 737 3979 3
755 3946 810 3999 sqq.

154 4018 196 4089 (l)
223 4020 301 4074 Annia
320 4019 441 4076 tredecim
460 4027 541 4074 aetate
561 4018 693 4076 diuabun
731 4021 768 4075 Cl.
787 4022 885 4075 Goeller
905 4022 920 4073 l.
933 4021 949 4072 l.
