2867 5017
580 405 642 473 145

119 612 184 698 grat
211 603 401 669 instructus,
438 596 535 657 liuius
558 607 665 659 tamen
689 600 817 661 nullum
839 599 968 665 videbat
988 604 1087 688 preti·

121 731 195 784 um,
221 706 282 769 nisi
303 702 347 763 ad
361 702 482 786 agendi
498 701 699 765 alacritatem
720 706 902 769 referretur.
947 705 1000 771 Ad
1022 728 1089 771 rem

116 814 284 902 publicam
311 811 423 894 itaque
448 808 602 882 accessit,
638 828 739 893 quam
768 830 828 896 pm
849 812 931 876 virili
952 814 1036 877 tueri
1056 824 1088 877 et

38 948 41 954 ·
95 927 232 996 ‚ornare
257 919 447 1005 primarium
467 918 545 981 civis
566 917 724 1002 cuiusque
756 918 902 983 officium
929 920 1090 983 existima·

114 1028 182 1092 bat.
229 1027 269 1090 la
289 1047 329 1089 eo
351 1036 459 1090 autem
477 1026 562 1088 vitae
580 1024 764 1089 cursubac
787 1046 863 1091 uam
881 1036 927 1090 est
942 1027 1091 1102 fortuma,

111 1145 162 1202 ¹ut
176 1136 212 1199 in
240 1135 427 1220 gravissimis
456 1133 545 1197 domi
574 1134 718 1220 forisque
746 1133 843 1199 rebus
871 1144 904 1199 et
930 1153 1032 1197 manu
1061 1141 1093 1197 ot

103 1243 252 1309 conato
282 1241 540 1307 administrandis
564 1261 699 1327 operam
726 1250 820 1307 auam
838 1249 998 1329 perpetuo
1020 1241 1093 1307 col·

115 1355 227 1417 locare
255 1350 397 1417 deberet.
439 1351 665 1438 Quapropter,
691 1372 796 1437 quum
822 1348 955 1415 tandem
976 1348 1019 1413 ad
1039 1346 1090 1413 hi·

113 1462 251 1525 storiam
269 1458 475 1525 scribendam
494 1478 528 1521 se
548 1459 753 1545 accingeret,
777 1476 843 1521 non
863 1464 991 1543 poterat
1009 1455 1092 1541 quin

111 1587 191 1634 eam
209 1564 333 1652 ubique
355 1566 399 1629 ad
419 1575 620 1651 praesentem
641 1564 816 1651 legentium
838 1562 1009 1628 utilitatem
1030 1560 1089 1625 ad·

113 1671 259 1750 biberet,
288 1692 396 1757 eaque
417 1670 494 1735 data
515 1690 616 1756 opera
641 1671 837 1757 explicaret,
867 1687 954 1756 quae
971 1676 1004 1731 et
1024 1687 1088 1755 po-

112 1780 216 1843 liticis
234 1789 272 1843 et
296 1778 373 1843 belli
394 1776 539 1843 ducibus
558 1777 714 1862 imprimis
735 1776 907 1862 profutura
935 1774 1086 1863 putabat.

114 1886 159 1950 Ut
180 1886 346 1970 enimipse
365 1907 404 1949 ex
425 1906 534 1948 rerum
555 1894 717 1969 gestarum
734 1883 886 1947 memoria
908 1903 968 1966 per
987 1893 1092 1949 totam

111 1993 217 2056 vitam
241 1990 428 2073 proiecerat
448 1988 628 2062 uberrime,
652 1988 712 2063 ita,
743 1997 779 2050 ut
800 1987 854 2051 alii
874 1987 1090 2074 proficerent,

109 2097 335 2185 praecipuum
356 2093 498 2159 babebat
518 2092 681 2159 scribendi
701 2094 881 2159 consilium.

156 2206 198 2271 Et
222 2204 289 2269 hoe
309 2205 417 2292 ipsum
437 2201 624 2289 requirebat
646 2222 699 2279 ea,
730 2222 817 2287 quae
838 2213 917 2267 tunc
940 2204 1091 2289 temporie

110 2323 203 2390 erat,
228 2311 348 2378 civitam
365 2329 498 2375 suorum
519 2307 673 2373 conditio.
710 2305 906 2373 Gravissimis
925 2310 1011 2375 eninr
1030 2310 1089 2375 diu

109 2419 264 2508 perculsa
284 2427 354 2481 erat
375 2413 513 2479 Graecia
532 2411 788 2487 calamitatibus,
813 2413 919 2479 donec
938 2418 1086 2497 tandem,

22 2591 23 2606 ,
110 2528 227 2591 annua
242 2525 402 2600 libertate,
423 2522 528 2586 alieno
547 2522 683 2607 imperio
701 2530 782 2583 esset
797 2523 989 2606 parendum.
1013 2527 1089 2608 Quo

108 2636 282 2701 communi
307 2632 433 2719 patriae
464 2631 552 2695 malo
580 2651 685 2715 quum
715 2638 747 2691 et
778 2628 897 2695 civium
925 2630 1007 2697 vires
1021 2640 1086 2699 'ex-

110 2740 250 2805 haustae
275 2739 482 2815 defeoisaent,
510 2749 543 2801 et
571 2737 705 2824 pristina
732 2736 927 2801 concordiae
955 2739 1087 2805 vincula

110 2843 207 2911 baud
223 2864 342 2931 parmn
361 2854 464 2910 essent
481 2841 606 2920 laxata',
631 2843 708 2907 hinc
726 2844 852 2907 lactum
872 2856 935 2923 est,
959 2855 997 2911 ut
1015 2847 1086 2913 ani·

110 2972 183 3017 mos
199 2954 312 3017 cunoti
320 2952 570 3040 desponderent.
595 2952 711 3039 ltaque
730 2951 892 3037 praesidio
914 2953 1026 3038 aliquo
1045 2976 1085 3021 ae

107 3058 228 3123 solatio
254 3058 465 3147 indigebant,
507 3059 609 3144 idque
636 3078 675 3122 ex
708 3058 838 3123 historia
867 3061 989 3144 optime
1015 3062 1085 3145 peti

112 3184 206 3251 posse
225 3162 379 3249 Polybius
398 3162 608 3250 intelligebat.
643 3163 708 3227 Sed
727 3165 910 3229 cavendum
931 3175 1017 3244 erat,
1041 3188 1084 3233 ne

111 3270 285 3355 aequales,
301 3280 339 3334 ut
355 3280 447 3334 erant
464 3270 624 3335 mentibus
638 3271 752 3337 afflicti
767 3284 799 3336 et
816 3274 994 3339 recentium
1010 3296 1083 3340 ma·

106 3380 220 3443 lorum
244 3378 441 3465 cogitatione
472 3378 603 3465 repleti,
635 3381 773 3445 sterilem
788 3382 829 3446 'in
849 3382 980 3447 historia
1000 3404 1081 3470 ope-

109 3506 181 3562 ram
212 3496 394 3571 ponerent·
422 3484 513 3552 Cavit
544 3485 608 3550 hoc
639 3507 749 3552 revera
777 3488 947 3573 Polybius,
979 3492 1080 3557 etita

22 3660 23 3675 χ
111 3593 266 3679 quidem,
300 3603 336 3657 ut
365 3594 401 3658 in
425 3594 482 3657 illo
514 3616 622 3658 rerum
654 3598 890 3663 narrandarum
920 3620 1017 3665 cursu
1044 3601 1082 3665 iis

111 3710 278 3786 tamquam
298 3700 419 3765 ducem
435 3720 468 3765 se
488 3702 668 3787 praeberet.
704 3703 759 3766 Sic
778 3706 862 3769 enim
882 3707 952 3771 lore
968 3728 1079 3796 spera-

111 3806 186 3883 bat,
210 3818 246 3870 ut
266 3809 391 3895 optime
411 3820 443 3873 et
464 3810 577 3875 animis
597 3819 820 3877 recrearentur
838 3824 869 3878 et
891 3814 933 3878 ad
954 3818 1081 3883 saniora

22 3923 23 3946 ¹
110 3916 242 3978 consilia
264 3918 470 4004 erigerentur.
520 3984 526 3991 ,

147 4022 215 4087 Sed
240 4024 414 4110 cogitanda
439 4037 484 4091 est
506 4038 672 4113 praeterea
694 4030 844 4096 historiae
870 4028 1075 4178 eonsffiibon·
