2867 5017
791 371 835 434 ao

330 579 398 643 est,
436 588 495 631 cur
517 588 536 628 a
556 565 665 627 multis
692 562 896 628 obscuritatis
922 566 1055 629 crimine
1077 576 1212 631 notatus
1244 572 1309 649 sit;

330 674 423 759 quod
444 683 552 736 tamen
575 670 699 734 crimen
715 668 873 732 eiusmodi
895 690 962 733 non
987 681 1051 747 est,
1078 681 1113 735 ut
1131 674 1211 759 quis
1229 675 1308 740 ideo

329 781 514 868 praeclaras
544 779 615 842 illas
648 777 756 862 operis
787 776 989 861 Thucydidei
1021 779 1113 843 dotes
1142 782 1309 869 negligat.

329 890 398 951 Hae
421 889 506 951 enim
537 887 616 950 tales
647 894 741 960 suut,
777 894 813 947 ut
843 886 938 949 statari
971 888 1087 972 possit,
1122 890 1224 975 uenti
1255 892 1336 967 hir,

327 996 446 1059 storias
473 1002 600 1079 patrem
627 999 716 1053 reete
741 989 807 1052 dici
837 988 1060 1069 Herodotum,
1084 994 1129 1055 ita
1147 992 1310 1057 historiae

316 1098 461 1163 criticae
481 1104 649 1159 auctorem
668 1092 893 1178 Thucydidem
911 1116 976 1161 esse
988 1099 1228 1183 appellandam]
1244 1102 1310 1188 (l).

371 1205 478 1289 Supra
499 1204 564 1265 iam
592 1200 730 1262 diximus
762 1199 988 1293 Thucydidem
1012 1205 1079 1269 sine
1111 1208 1308 1271 intermissi-

328 1330 392 1375 one
413 1309 512 1374 veluti
532 1318 709 1393 properato
741 1308 847 1393 gradu
876 1310 963 1374 lacta
984 1312 1078 1375 lactis
1106 1317 1305 1391 cumulare,

329 1447 391 1491 nec
427 1426 495 1488 lere
525 1444 682 1508 umquam
708 1445 728 1486 a
757 1421 924 1509 proposito
960 1416 1144 1483 deflectere.
1204 1420 1310 1501 Quod

316 1535 499 1623 praeclare
532 1533 628 1595 Dion.
665 1533 760 1596 flat:
794 1528 931 1611 πόλεμον
959 1526 1020 1593 ’ἕνα
1032 1572 1042 1607 ,
1081 1529 1211 1613 inquit,
1250 1529 1309 1591 καί

330 1664 423 1713 τινας
453 1640 606 1703 ἀπνευστὶ
640 1638 830 1722 διεξέρχεται
860 1641 963 1719 μάχας
992 1637 1043 1699 ἐπὶ
1072 1640 1211 1719 μάχαις,
1248 1639 1309 1699 καὶ

330 1746 530 1830 παρασκευὰς
551 1745 603 1806 ἐπὶ
623 1748 859 1826 παρασκευαῖς,
894 1750 947 1805 καὶ
977 1739 1088 1820 λόγους
1114 1744 1164 1805 aa
1193 1741 1307 1822 λόγοις

329 1852 492 1924 συντιθείς
515 1851 578 1937 (2).
622 1850 769 1937 Apparet
788 1852 885 1913 talem
905 1852 1114 1936 scriptionem
1135 1851 1307 1936 aPolyhii

332 1962 457 2025 ratione
486 1959 689 2045 pragmatica
709 1959 806 2045 longe
829 1957 966 2021 differre.
1012 1959 1126 2043 Neque
1152 1960 1241 2021 enim
1262 1957 1308 2019 de

332 2088 392 2130 suo
413 2066 465 2130 vel
483 2066 652 2129 minimum
677 2065 795 2128 adiecit
821 2064 1046 2149 Thucydides,
1081 2066 1207 2129 sedita
1238 2066 1306 2128 sin-

333 2175 410 2261 gula
432 2172 598 2235 conirrnxit
618 2181 649 2233 et
670 2171 850 2248 ordinavit,
876 2181 912 2235 ut
924 2174 1083 2257 cuiusque
1103 2176 1150 2237 rei
1168 2184 1201 2237 et
1220 2196 1307 2239 cau·

331 2301 385 2344 sae
407 2279 582 2341 eteffectus
594 2289 709 2363 sponte
729 2290 985 2366 cognoscantur,
1010 2291 1112 2367 utque
1131 2282 1172 2345 de
1192 2304 1309 2347 rerum

332 2396 493 2474 gestarum
512 2385 656 2448 bonitate
682 2398 739 2450 aut
764 2388 842 2451 vitio
862 2388 1019 2451 iudicium
1040 2388 1081 2451 ab
1101 2390 1178 2474 ipsis
1197 2391 1308 2466 lecto-

333 2494 422 2557 ribus
442 2494 562 2557 institui
584 2493 680 2555 facile
695 2496 793 2576 possit
817 2494 878 2578 (3).
924 2494 1021 2571 Quod
1038 2496 1136 2579 igitur
1146 2495 1308 2579 Polybius

332 2600 472 2683 copiosis
491 2595 738 2683 digressionibus
758 2596 884 2673 effecit,
909 2598 996 2661 idem
1017 2599 1224 2685 Thucydides
1245 2624 1307 2667 eo-

332 2727 426 2781 rum,
457 2723 544 2787 quae
564 2702 719 2765 diuturna
745 2712 777 2765 et
803 2714 956 2769 accurata
981 2707 1189 2771 meditatione
1209 2709 1306 2774 inve-

332 2823 438 2889 nerat,
474 2811 604 2874 concisa
624 2810 841 2896 explicatione
862 2814 1029 2898 praestitit.
1072 2810 1194 2877 Iniusta
1216 2810 1322 2877 enim'

334 2942 447 2985 eorum
478 2940 541 2984 vox
570 2929 635 2995 est,
670 2919 730 3003 qui
753 2917 904 2983 historiae
930 2921 1099 2985 utilitatem
1126 2923 1306 3009 neglexisse

335 3039 392 3093 aut
409 3048 527 3115 parum
548 3046 675 3089 curasse
697 3025 922 3109 Thucydidem
936 3036 1092 3093 statuunt.
1138 3031 1303 3114 Require-

333 3134 414 3196 hant
444 3133 509 3193 hoc
541 3143 707 3214 tempora,
744 3130 864 3212 quihus
897 3130 1043 3208 vivebat,
1080 3142 1115 3196 ut
1147 3134 1305 3219 politicae

335 3236 526 3321 disciplinae
551 3234 667 3320 peritia
688 3233 825 3308 lectores
852 3235 1039 3301 informaret
1057 3238 1237 3307 historicus.
1260 3244 1304 3307 Et

331 3346 402 3433 ipse
431 3342 659 3429 Thucydides,
699 3352 905 3431 quantopere
936 3344 1136 3413 fructuosam
1166 3351 1304 3437 posteris

335 3454 656 3519 censeretmaiorum
684 3452 935 3537 experientiam,
970 3456 1136 3519 manifeste
1153 3456 1303 3520 declara-

323 3615 539 3635 *⁸⁸⁸⁸-

365 3705 409 3773 (1)
435 3702 472 3754 Cf.
489 3703 604 3765 lleercn,
621 3698 707 3752 [dees
727 3706 774 3752 cet.
794 3697 849 3750 tot.
866 3698 921 3763 ΙΙΙ,
940 3698 966 3762 1,
985 3714 1010 3765 p.
1029 3698 1090 3749 tto.

364 3795 408 3864 (2)
435 3794 529 3865 Epist.
547 3792 588 3845 od
604 3793 697 3863 Pomp.
717 3794 783 3863 Opp.
798 3792 854 3845 Vol.
873 3793 926 3859 Vl,
945 3808 969 3861 p.
990 3791 1051 3841 772.

366 3887 409 3956 (3)
436 3886 474 3938 (li.
490 3888 516 3939 C.
537 3888 567 3937 0.
587 3885 690 3952 matter,
712 3885 873 3939 Gesclriclstc
892 3884 943 3938 der
967 3882 1165 3951 Gricclu'scltea
1187 3888 1299 3945 litera-

339 3993 402 4049 αα,
420 3980 475 4036 vot.
494 3981 536 4044 ll7
554 3997 578 4048 p.
603 3981 656 4031 353
677 3997 731 4049 sqq.
