2867 5017
604 340 647 400 Ἠ

145 529 293 594 berorum
314 545 466 601 numero,
499 527 557 611 qui
578 529 653 612 ipsis
676 529 707 593 vi
734 530 878 593 resistere
899 532 1050 612 auderet;
1077 543 1110 598 et

144 644 254 720 postea
273 633 455 718 Agesilaus,
471 633 580 697 Asiam
601 634 776 714 invadens,
793 637 903 702 Persas
924 659 1029 725 aeque
1047 641 1108 704 im·

144 741 239 804 belles
255 747 325 802 erat
347 750 507 826 expertus.
539 741 585 804 Ex
607 762 676 826 quo
694 743 784 806 fonte
802 743 971 832 Philippus
988 746 1107 812 barba-

144 869 249 912 rorum
269 845 398 934 ignaria
417 846 561 932 cognita,
587 866 719 910 suorum
736 869 813 912 vero
834 850 1054 914 fortitudinem
1075 863 1108 917 et

142 955 283 1022 bellandi
303 954 453 1041 peritiam
473 955 548 1017 satis
569 966 749 1042 spectatam
770 957 908 1033 bahem,
933 958 977 1022 ob
997 961 1111 1024 oculos

141 1063 198 1128 sibi
218 1063 327 1150 posuit
347 1062 504 1147 insignem
527 1063 653 1148 imperii
673 1073 705 1126 et
727 1065 849 1149 gloriae
870 1065 1106 1142 accessionem,

141 1193 243 1259 quam
261 1192 303 1236 ex
324 1171 381 1234 tali
402 1171 607 1256 expeditione
633 1183 858 1258 reportaturus
881 1177 978 1248 esset,
1003 1193 1108 1258 eaque

21 1271 22 1306 ³
141 1299 196 1364 spe
213 1279 373 1342 excitatus
389 1277 511 1342 bellum
528 1281 678 1365 suscepit.
701 1280 907 1344 Praetextum
924 1300 1001 1345 vero
1018 1280 1108 1344 hunc

21 1427 22 1484 ,
140 1380 351 1474 excogitavit,
376 1387 511 1452 vallese
532 1388 663 1451 iniurias
685 1387 815 1463 ulcisci,
840 1408 924 1472 quas
944 1385 1021 1448 olim
1030 1386 1107 1448 Per·

140 1512 191 1554 sae
216 1491 350 1556 Graecis
376 1491 564 1556 intulissent.
600 1492 680 1558 Belli
706 1501 814 1555 autem
836 1513 856 1554 a
876 1490 1029 1576 Philippo
1049 1492 1107 1554 de·

140 1599 217 1662 oreti
256 1599 384 1664 initium
426 1598 517 1662 duxit
557 1598 766 1673 Alexander,
805 1597 894 1660 facto
932 1599 966 1660 in
1001 1597 1109 1662 Asiam

138 1705 285 1770 transita.

21 1893 22 1898 ἵ
175 1812 289 1877 Altero
309 1805 407 1880 etiam
428 1818 575 1902 exemplo
597 1817 651 1880 hic
679 1837 757 1879 usus
776 1826 821 1878 est
842 1815 1012 1900 Polybius,
1038 1813 1110 1878 bel-

137 1919 170 1980 lo
190 1941 210 1984 a
230 1921 387 2004 Romanis
406 1923 556 1987 adversus
575 1911 774 1986 Antiochum
791 1931 893 2006 gesto,
911 1923 1004 1984 ouius
1021 1943 1109 2007 quae

21 2013 23 2032 ⁸
135 2024 235 2086 luerit
257 2045 372 2100 carisa,
395 2027 453 2110 qui
471 2037 671 2111 praetextus,
693 2027 785 2112 quod
802 2027 1017 2111 principium,
1041 2047 1112 2089 non

21 2195 22 2206 ,
133 2130 244 2192 minus
270 2130 400 2214 copiose
423 2132 571 2194 ostendit.
612 2131 727 2216 Neque
748 2133 799 2196 vel
821 2131 904 2195 haec
925 2131 1034 2193 omnia
1061 2132 1109 2194 ita

135 2235 286 2300 sufficere
306 2235 478 2314 iudicavit,
504 2249 539 2301 ut
560 2239 625 2302 iam
646 2240 719 2327 ipse
737 2239 892 2304 adverae
911 2238 1106 2302 belliPuni-

136 2343 166 2404 ci
191 2361 309 2404 causas
334 2343 544 2428 explicandas
570 2354 677 2428 posset
691 2345 843 2420 transire,
864 2343 922 2406 sed
942 2353 1042 2407 antea
1058 2344 1106 2406 al-

21 2441 22 2502 Ῐ
136 2451 240 2514 terius
255 2451 351 2512 etiam
380 2453 544 2537 scriptoris
565 2453 752 2538 opinionem
776 2450 988 2515 refellendam
1008 2461 1106 2537 puta·

135 2557 189 2620 vit.
221 2557 378 2641 Exposuit
398 2559 515 2644 igitur,
541 2559 624 2644 quid
646 2559 763 2623 Fabius
782 2559 911 2635 Pictor,
937 2558 1107 2623 historicus

21 2655 22 2668 ¹
135 2662 319 2740 Romanus,
345 2665 386 2728 de
408 2687 443 2730 re
463 2667 623 2753 praesenti
643 2666 822 2730 tradidisset
844 2663 907 2752 (l).
937 2665 999 2727 llic
1020 2666 1107 2730 enim

137 2769 334 2847 discordiae,
367 2791 454 2855 quae
478 2771 561 2836 inter
579 2772 664 2834 cives
683 2792 757 2834 suos
776 2782 808 2834 et
829 2769 1106 2856 Carthaginienses

21 2871 22 2894 .
136 2875 316 2954 exarserat,
338 2877 552 2962 praecipuam
569 2895 701 2938 eausam
725 2895 791 2946 esse
812 2875 954 2949 dixerat,
982 2874 1104 2937 Asdru-

136 2983 217 3046 halis
236 2983 484 3048 immoderatam
503 2983 668 3068 potentiae
690 2981 913 3067 cupiditatem.
943 2981 1107 3062 Quicum
1159 2979 1162 2985 “

136 3090 319 3156 Poenorum
349 3090 511 3154 civitatem
546 3089 601 3152 uni
630 3088 689 3152 sibi
714 3108 829 3174 parere
856 3087 1022 3164 voluisset,
1053 3110 1107 3152 το-

135 3197 359 3282 pugnantibus
387 3196 590 3283 principibus
616 3199 650 3259 in
678 3216 713 3258 re
735 3195 869 3282 publica
891 3194 980 3269 viris,
1015 3195 1106 3257 dein·

136 3302 194 3376 de,
219 3302 255 3364 in
269 3302 455 3386 Hispaniam
470 3302 652 3387 proiectus,
674 3302 783 3365 omnia
804 3321 866 3386 pro
883 3301 977 3364 libitu
994 3303 1104 3387 gessit,

135 3407 229 3474 nulla
257 3415 384 3472 senatus
405 3406 671 3493 Carthaginiensis
698 3405 823 3466 ratione
853 3403 975 3465 habita.
1018 3406 1108 3468 Ean--

138 3516 213 3580 dem
240 3513 425 3601 superbiam
445 3525 555 3601 postea
576 3511 682 3598 'quum
704 3509 903 3594 concepisset
922 3511 1105 3590 Hannibal,

136 3625 242 3687 socius
263 3624 331 3686 eius
349 3632 380 3685 et
401 3640 581 3695 successor,
608 3619 696 3680 hunc
718 3617 866 3693 tandem,
891 3629 999 3703 spreto
1019 3621 1106 3707 opti*

138 3750 263 3800 monam
293 3729 411 3794 civium
441 3728 574 3791 consilio
604 3735 634 3786 ct
658 3725 847 3788 auctoritate
857 3775 871 3802 ,
891 3746 950 3790 suo
972 3727 1105 3790 arbitrio

166 3955 208 4026 lt)
236 3957 304 4010 llaec
322 3961 348 4008 et
366 3953 493 4025 sequentia
511 3953 626 4022 leguntur
645 3951 665 4004 1.,
682 3951 701 4004 1.,
717 3969 739 4002 c.
763 3951 780 4002 8
798 3966 853 4022 sqq.
