2867 5017
793 427 839 449 -ιθ

331 597 472 659 lectione
506 587 761 651 redundaturae
791 596 963 677 cogitatio.
1023 592 1149 677 Itaque
1182 619 1303 662 manus

334 725 431 810 operi
454 717 608 792 admovi,
644 718 747 802 idque
770 719 883 797 breui,
909 745 975 807 quo
1001 745 1195 788 concessum
1213 739 1301 804 erat,

332 837 495 936 temporis
510 848 626 929 spatio
644 845 693 907 ad
692 846 803 932 finem
813 850 1017 934 perductum
1038 853 1192 918 Virorum
1207 855 1301 922 Clar.

331 974 460 1040 iudicio
486 969 628 1033 tradidi.
677 968 827 1058 Quorum
850 984 1024 1044 sententia
1042 981 1131 1045 banc
1146 986 1232 1048 mibi
1249 995 1302 1050 at-

331 1105 412 1168 tulit
431 1101 638 1187 fortunam,
674 1111 713 1164 ut
735 1111 948 1188 praemium,
983 1133 1027 1174 ex
1053 1114 1125 1200 lege
1137 1121 1301 1200 proposi·

329 1245 422 1309 tam,
447 1231 532 1295 mibi
550 1234 801 1317 assignaretur.
848 1231 894 1297 At
915 1236 1005 1300 bunc
1020 1261 1226 1325 prosperum
1247 1264 1301 1305 co-

330 1369 483 1432 numinis
511 1369 665 1426 eventum
694 1384 763 1424 non
786 1384 828 1425 ex
855 1364 976 1450 aliqua
1005 1372 1206 1452 screatiom's
1234 1391 1300 1434 me·

332 1520 373 1563 ae
390 1499 615 1583 praestantia
649 1516 722 1560 esse
742 1496 958 1582 profectum,
995 1502 1058 1565 sed
1082 1524 1124 1564 ex
1149 1502 1301 1566 lb'rorum

335 1623 429 1690 Clar.
464 1621 718 1698 benevolentia,
754 1645 824 1710 qna
857 1627 983 1689 studiis
1008 1629 1215 1692 iuuenilibus
1233 1631 1300 1716 fa-

330 1753 474 1819 sendum
496 1770 570 1815 esse
592 1759 790 1827 censerent,
822 1755 898 1836 ipse
924 1777 1016 1818 nunc
1037 1756 1172 1844 quidem
1195 1758 1301 1841 plene

329 1882 496 1969 intelligo.
543 1877 632 1942 Nam
652 1903 756 1968 quum
775 1887 840 1959 iis,
874 1907 962 1971 quae
983 1887 1025 1948 de
1051 1887 1193 1972 Polybio
1213 1910 1301 1952 com·

332 2015 502 2076 mentatus
530 2027 646 2086 eram,
676 2032 745 2096 pro
773 2016 957 2098 specimine
978 2018 1032 2076 uti
1057 2015 1298 2095 decrevissem,

330 2163 398 2230 qno
428 2158 575 2200 summos
597 2142 638 2200 in
656 2139 785 2205 literis
807 2143 953 2207 honores
982 2165 1225 2230 consequerer,
1259 2172 1300 2213 ea

326 2283 453 2364 postea
484 2270 642 2336 secundis
672 2275 766 2334 auris
799 2275 1023 2338 retractanda
1054 2295 1129 2337 esse
1159 2285 1298 2364 putaui.

271 2430 273 2434 “
332 2407 524 2494 Propterea
543 2402 742 2489 opusculum
756 2425 825 2489 per
844 2404 1017 2469 biennium
1037 2411 1077 2470 in
1099 2413 1229 2471 scrinio
1247 2431 1301 2472 se·

325 2542 480 2627 positum
501 2535 625 2610 babai,
658 2542 696 2597 nt
717 2535 840 2598 dmnde
861 2538 910 2598 ad
928 2538 1036 2613 illud,
1062 2523 1236 2624 tamquam
1256 2544 1305 2604 ad

330 2669 541 2755 ineogm'tnm
574 2674 607 2730 et
639 2665 724 2751 fere
756 2667 924 2742 alienum,
968 2677 1161 2733 reverterer
1196 2691 1301 2755 eoque

332 2799 427 2864 modo
455 2801 564 2873 m'tia,
590 2797 714 2883 quibus
737 2798 935 2873 laboraret,
965 2802 1163 2863 accuratius
1189 2801 1299 2885 dispi-

329 2953 447 2997 cerem.
505 2925 623 3012 Neque
652 2927 728 2990 ulla
753 2928 839 2991 mitti
864 2933 1075 3013 exspectatio
1115 2937 1186 2991 tam
1217 2949 1301 2991 uera

329 3055 455 3122 aam'dit
485 3075 655 3139 umquam.
712 3055 761 3116 In
790 3057 953 3140 opusculo
984 3060 1075 3119 enim
1113 3080 1130 3121 e
1158 3059 1302 3121 latebris

329 3184 467 3251 reducto
483 3189 534 3246 tot
554 3184 674 3244 inueni
692 3181 992 3268 reprehendenda,
1017 3187 1100 3249 adeo
1120 3190 1206 3251 mitt
1224 3192 1300 3274 ipse

330 3340 400 3383 non
406 3315 546 3404 placui,
568 3322 607 3377 ut
617 3313 805 3378 abiiciendi
819 3317 999 3380 consilium
1005 3316 1167 3402 fortasse
1178 3322 1299 3402 captu-

328 3469 391 3512 rus
420 3444 604 3533 fuissem,
647 3447 722 3508 nisi
756 3446 889 3532 gradus
927 3445 1113 3509 doctoralis
1156 3446 1302 3526 petendi

332 3586 464 3660 tempus
483 3572 668 3658 adfuisset.
718 3569 818 3657 Quod
839 3575 950 3657 igitur
970 3574 1069 3632 unice
1089 3570 1227 3645 licebat,
1253 3575 1303 3634 ad

330 3722 415 3790 opus
430 3701 521 3763 redii
538 3699 657 3788 idque,
694 3709 733 3763 at
747 3703 865 3787 potui,
891 3701 1075 3763 emendavi.
1125 3699 1303 3788 Quidquid

327 3841 441 3896 autem
459 3852 549 3893 nunc
569 3831 650 3894 inde
674 3835 861 3906 exstiterit,
883 3830 1131 3913 aliiuidem'nt;
1155 3833 1218 3896 sed
1237 3832 1299 3896 boc

329 3967 429 4028 enine
447 3983 527 4048 rogo
548 3961 723 4036 lectorem,
749 3972 787 4024 at
805 3985 894 4046 quae
912 3966 950 4024 in
968 3967 1154 4049 smu'qitione
1176 3974 1297 4027 nostra
