2867 5017
614 355 637 418 9

159 570 242 623 mus,
266 569 371 632 quem
391 551 592 614 acerbissime
615 551 823 636 reprehendit
849 553 1018 636 ltionyoius
1036 555 1127 618 lleli·

160 657 365 718 comanensis
394 655 462 743 (l);
494 656 550 720 sed
580 657 614 720 id
636 656 819 732 uocemue,
843 678 1008 742 qrreenem
1030 661 1127 724 luerit

161 919 176 950 o
187 915 261 969 quem
277 897 455 952 beneficiorum
465 919 523 953 eum
539 911 698 972 acceptorum
714 902 864 968 recordatio,
882 911 935 954 tum
945 901 1125 973 apenodonrm

160 991 479 1062 »exrpeeetioumoua
494 993 665 1061 calumniae,
683 1003 738 1046 urm
753 994 1126 1068 dmiqmtmmsppeeitae

159 1106 173 1138 a
183 1087 289 1158 vigiliae,
301 1104 373 1157 saepe
383 1086 479 1158 aliquid
488 1086 589 1140 auribus
598 1086 669 1153 dare,
687 1105 761 1158 saepe
769 1089 878 1157 gratim,
894 1105 967 1160 saepe
973 1092 1124 1146 uteo-0-

159 1199 174 1230 u
183 1180 264 1246 mori,
277 1197 350 1250 saepe
357 1178 546 1234 dissimulationi
556 1189 632 1252 atque
642 1182 804 1234 taciturnitati
813 1192 940 1251 cogere&
956 1185 1125 1257 Qisodquem-

158 1277 192 1326 vis
201 1274 316 1328 acerbius
332 1274 428 1327 dictum
445 1277 495 1341 sit,
513 1273 622 1328 dubitari
643 1285 727 1328 tamen
747 1277 853 1348 nequit,
871 1280 932 1350 quin
948 1279 982 1332 ob
1001 1281 1064 1352 ipsas
1082 1300 1124 1336 eas

157 1386 260 1434 sarisas,
278 1387 339 1440 quaa
355 1377 485 1420 enumerat
501 1369 636 1438 Rebilus„
646 1369 689 1422 bie
705 1371 756 1422 illic
774 1370 808 1423 de
826 1371 878 1424 lide
897 1373 992 1441 Polybii
1010 1377 1123 1428 nonnihil

155 1461 339 1516 detrabendum
358 1465 398 1516 sit.
435 1465 534 1516 Constat
556 1463 604 1516 boc
625 1482 684 1516 eum
705 1482 737 1516 ex
754 1465 808 1516 aliis
826 1467 992 1518 recentiorum
1008 1470 1123 1540 seriptis,

78 1611 84 1618 ,
156 1567 206 1609 tum
223 1576 257 1610 cx
277 1555 341 1610 libro
351 1559 421 1610 Doct.
439 1557 497 1610 Cbt.
511 1561 589 1610 Lucas
608 1558 711 1628 (Ueher
721 1557 866 1630 Polybiua’
876 1559 1060 1634 Daratellsmg
1072 1561 1122 1617 des

156 1651 332 1704 Aetolieelten
343 1650 467 1704 Butades.
495 1649 661 1719 Kouigsberg.
680 1668 704 1704 a.
724 1651 826 1719 182⁷),
847 1651 873 1703 in
892 1669 943 1722 qno
961 1661 1034 1704 acute
1049 1655 1122 1708 simul

154 1753 179 1798 et
196 1745 275 1798 docte
296 1743 405 1796 ostendit
423 1742 554 1812 Polybium
570 1759 586 1793 a
604 1741 713 1812 partium
738 1741 823 1794 studio
849 1761 909 1812 erga
927 1746 1055 1798 aeneo·
1072 1762 1124 1801 noa

152 1836 277 1901 alienum,
296 1853 378 1905 neque
396 1836 491 1888 Aetolis
513 1853 563 1889 nou
584 1835 698 1904 iniquum
710 1835 794 1888 icisse.
829 1837 882 1892 Sei
900 1837 964 1894 baec
981 1841 1123 1896 diiudicare

154 1939 267 1982 nostrum
288 1939 400 1983 nonest.
438 1928 588 1982 diccendum
607 1937 692 1980 temen
710 1930 865 2000 existimavi,
890 1951 922 1986 ue
939 1936 1056 1990 omnibus
1073 1939 1122 2006 iis,

153 2042 218 2095 quae
240 2024 268 2074 iu
288 2022 449 2092 sequentibus
468 2039 483 2072 e
501 2020 606 2090 Polybio
627 2021 758 2074 reserenda
775 2022 870 2091 habui,
894 2034 989 2080 temere
1004 2035 1122 2086 assentire

152 2118 265 2171 viderer.
285 2116 321 2168 lbi
339 2117 406 2167 enim
422 2133 499 2186 quum
515 2113 543 2166 id
560 2122 655 2166 tantum
666 2123 790 2183 ageretur,
809 2136 866 2188 qua
884 2122 1000 2175 narrandi
1011 2094 1125 2182 rotimus.

153 2222 239 2267 utatur
249 2211 383 2281 Polybius,
402 2229 452 2264 non
471 2209 644 2282 requirebatur
660 2220 687 2262 ut
697 2213 872 2283 explorarem,
890 2233 1018 2269 verumne
1037 2219 1124 2271 narret

158 2327 248 2361 necne.
777 2346 782 2354 ·

178 2405 222 2474 (1)
251 2405 280 2456 Iu
297 2403 362 2457 libro
386 2413 451 2480 περὶ
469 2414 617 2472 atrectare<
636 2415 790 2476 decutitur,
807 2425 830 2460 0·
850 2407 1036 2477 4(0PP·V01·
1056 2410 1087 2475 V,
1097 2428 1122 2480 P·

153 2499 189 2550 30
199 2499 314 2566 uetat),
333 2498 375 2550 ubi
386 2498 515 2552 historiam
531 2499 691 2569 Polybiauam
702 2501 778 2552 talem
791 2517 844 2554 esse
852 2499 929 2566 dicit,
945 2503 1007 2556 οἵαν
1023 2507 1120 2566 οὐδεὶς

158 2599 289 2660 ὑπομένει
306 2599 387 2666 μέχρι
406 2600 548 2666 κορωνίδος
565 2600 701 2652 διελθεῖν.
737 2593 790 2646 Sed
807 2612 895 2646 vereor
914 2611 947 2668 ne
964 2612 1065 2648 eevesau
1079 2598 1122 2648 ille

155 2687 256 2746 criticen
269 2693 371 2755 propter
380 2684 513 2740 verborum
523 2685 605 2739 minus
617 2686 757 2754 elegantem
772 2694 921 2740 structuram
931 2689 996 2759 ipsas
1005 2709 1044 2742 res
1055 2708 1120 2742 eoo-

154 2780 272 2832 temserit.
293 2779 412 2830 lebetum
419 2793 487 2830 saue„
504 2775 643 2828 Fatendum
652 2785 704 2842 est,
723 2775 801 2845 idque
810 2795 886 2830 nemo
898 2780 1014 2847 oegslit,
1032 2784 1124 2834 oratio

154 2889 211 2924 neor
226 2872 391 2941 Polybianam
406 2871 489 2924 mictu
499 2886 551 2922 esse
569 2877 694 2935 murtam,
712 2887 760 2921 nee
774 2888 862 2939 parum
876 2871 1002 2926 abattioa
1011 2875 1124 2926 metitate

154 2967 291 3034 recedere,
319 2965 365 3020 sed
382 2963 518 3018 masctrlam
538 2970 622 3014 umen
640 2959 767 3032 quondm
786 2972 812 3015 et
828 2963 903 3016 veluti
915 2966 1051 3027 militarem
1066 2969 1123 3025 elo-

154 3061 284 3130 quentiam
294 3075 369 3112 nemo
378 3075 428 3110 nou
438 3059 464 3110 io
471 3039 575 3126 Polybio
580 3056 693 3122 miratio,
702 3055 772 3126 quod
779 3058 907 3128 praeclare
913 3060 1123 3129 wyttenbachius

150 3155 243 3223 (Praei.
252 3154 292 3216 ,ad
306 3152 975 3223 Set.t>rta0.11tu.‚ttr.ysxv11)2»Polybium
989 3164 1016 3208 et
1030 3155 1122 3210 eduea-

151 3253 253 3304 utusiu
267 3250 344 3304 libera
358 3249 453 3320 patria,
472 3249 498 3300 iu
519 3245 608 3300 eadem
622 3245 716 3301 trreoda
731 3247 893 3319 regendaque
907 3258 1032 3317 venatus,
1050 3251 1120 3313 eius-,

152 3362 168 3392 u
179 3341 242 3394 dem
259 3341 366 3396 libertati
379 3349 515 3412 superstes,
533 3340 639 3392 seruerit
651 3340 730 3392 civilis
746 3341 859 3409 spiritum
872 3340 1006 3396 mamis:
1023 3343 1067 3411 qui
1076 3343 1119 3395 ubi

151 3434 264 3500 reboet,
284 3435 426 3505 eloquentia
445 3434 519 3486 inane
537 3429 635 3502 quidet
654 3429 800 3498 languidum
810 3439 901 3482 most:
919 3431 963 3483 ubi
977 3431 1048 3486 adest
1061 3453 1120 3487 oum

152 3545 264 3582 »rerum
285 3529 402 3596 selemia,
430 3528 507 3580 etiem
525 3526 578 3580 siue
596 3523 730 3578 verborum
753 3533 780 3576 et
806 3525 991 3595 conpositionis
1007 3524 1122 3597 deleem,

153 3623 298 3676 »historiae
308 3641 397 3676 munus
412 3623 519 3693 explet.”
538 3623 653 3674 Cetenrm
660 3617 791 3688 Polybium
803 3617 853 3672 bac
870 3620 898 3672 iu
913 3637 941 3672 re
956 3619 1119 3678 defenditis.

152 3717 310 3770 marbodo
336 3719 374 3785 (in
391 3716 505 3770 Dedicat
529 3733 589 3768 suae
613 3712 700 3783 Polyb
727 3712 769 3788 ed.
788 3712 966 3768 adituum
981 3717 1032 3783 lll3
1052 3718 1120 3788 aprrd

153 3810 299 3880 Scbweigb.
316 3813 370 3864 Vol.
390 3813 442 3877 tx,
460 3829 485 3881 p.
505 3809 609 3862 XXXIV
627 3809 677 3878 sq.)
697 3816 724 3860 et
743 3808 809 3860 iuter
824 3808 887 3862 alia:
905 3810 986 3862 nilon
1005 3810 1119 3876 deest,”

153 3923 169 3953 u
178 3905 278 3975 inquit,
297 3903 343 3956 sed
359 3923 408 3958 nou
422 3904 515 3956 eminet
531 3903 556 3960 in
567 3900 670 3970 Polybio
681 3900 814 3968 bueuudia3
826 3901 890 3955 nibil
899 3921 960 3956 vero
971 3913 1009 3956 est
1023 3904 1118 3973 iniqui-

153 4017 168 4048 »
180 4015 207 4050 us
226 3999 295 4063 iltis,
319 3999 364 4069 qui
382 3999 476 4052 nullam
495 4005 582 4072 putant
601 4013 652 4050 esse
668 3997 852 4069 eloquentiam,
870 3998 917 4052 uisi
936 3998 978 4052 ubi
997 3996 1061 4051 nibil
1081 4006 1118 4052 est
