<?xml version="1.0" encoding="UTF-8"?>
<!DOCTYPE html PUBLIC "-//W3C//DTD XHTML 1.0 Transitional//EN"
    "http://www.w3.org/TR/xhtml1/DTD/xhtml1-transitional.dtd">
<html xmlns="http://www.w3.org/1999/xhtml" xml:lang="en" lang="en">
 <head>
  <title>
</title>
<meta http-equiv="Content-Type" content="text/html;charset=utf-8" />
  <meta name='ocr-system' content='tesseract 3.04.00' />
  <meta name='ocr-capabilities' content='ocr_page ocr_carea ocr_par ocr_line ocrx_word'/>
</head>
<body>
  <div class='ocr_page' id='page_1' title='image "./specimenliterar00vriegoog_0062.png"; bbox 0 0 2867 5017; ppageno 0'>
   <div class='ocr_carea' id='block_1_1' title="bbox 775 336 819 400">
    <p class='ocr_par' dir='ltr' id='par_1_1' title="bbox 775 336 819 400">
     <span class='ocr_line' id='line_1_1' title="bbox 775 336 819 400; baseline 0 0"><span class='ocrx_word' id='word_1_1' title='bbox 775 336 819 400; x_wconf 75' lang='lat' dir='ltr'><strong>to</strong></span> 
     </span>
    </p>
   </div>
   <div class='ocr_carea' id='block_1_2' title="bbox 315 529 1303 3099">
    <p class='ocr_par' dir='ltr' id='par_1_2' title="bbox 315 529 1303 3099">
     <span class='ocr_line' id='line_1_2' title="bbox 317 529 1295 620; baseline 0 -20"><span class='ocrx_word' id='word_1_2' title='bbox 317 529 461 620; x_wconf 80' lang='lat' dir='ltr'><strong>reliquos</strong></span> <span class='ocrx_word' id='word_1_3' title='bbox 481 551 590 596; x_wconf 87' lang='lat' dir='ltr'><strong>omnes</strong></span> <span class='ocrx_word' id='word_1_4' title='bbox 621 533 655 594; x_wconf 89' lang='lat' dir='ltr'><strong>in</strong></span> <span class='ocrx_word' id='word_1_5' title='bbox 687 531 752 594; x_wconf 87' lang='lat' dir='ltr'><strong>hoe</strong></span> <span class='ocrx_word' id='word_1_6' title='bbox 783 551 900 617; x_wconf 81' lang='lat' dir='ltr'><strong>genere</strong></span> <span class='ocrx_word' id='word_1_7' title='bbox 929 543 1117 617; x_wconf 77' lang='lat' dir='ltr'><strong>superarent</strong></span> <span class='ocrx_word' id='word_1_8' title='bbox 1140 533 1295 618; x_wconf 69' lang='lat' dir='ltr'><strong>Romani,</strong></span> 
     </span>
     <span class='ocr_line' id='line_1_3' title="bbox 317 640 1302 710; baseline 0.001 -2"><span class='ocrx_word' id='word_1_9' title='bbox 317 641 416 707; x_wconf 86' lang='lat' dir='ltr'><strong>Testis</strong></span> <span class='ocrx_word' id='word_1_10' title='bbox 441 641 480 704; x_wconf 88' lang='lat' dir='ltr'><strong>sit</strong></span> <span class='ocrx_word' id='word_1_11' title='bbox 500 640 671 704; x_wconf 89' lang='lat' dir='ltr'><strong>enucleata</strong></span> <span class='ocrx_word' id='word_1_12' title='bbox 697 640 752 702; x_wconf 90' lang='lat' dir='ltr'><strong>illa</strong></span> <span class='ocrx_word' id='word_1_13' title='bbox 774 649 955 703; x_wconf 82' lang='lat' dir='ltr'><strong>castrorum</strong></span> <span class='ocrx_word' id='word_1_14' title='bbox 975 640 1011 704; x_wconf 92' lang='lat' dir='ltr'><strong>in</strong></span> <span class='ocrx_word' id='word_1_15' title='bbox 1039 640 1152 706; x_wconf 82' lang='lat' dir='ltr'><strong>itinere</strong></span> <span class='ocrx_word' id='word_1_16' title='bbox 1172 653 1302 710; x_wconf 84' lang='lat' dir='ltr'><strong>metun-</strong></span> 
     </span>
     <span class='ocr_line' id='line_1_4' title="bbox 315 746 1300 833; baseline 0.002 -19"><span class='ocrx_word' id='word_1_17' title='bbox 315 747 433 814; x_wconf 82' lang='lat' dir='ltr'><strong>dorum</strong></span> <span class='ocrx_word' id='word_1_18' title='bbox 450 746 644 833; x_wconf 79' lang='lat' dir='ltr'><strong>descriptio,</strong></span> <span class='ocrx_word' id='word_1_19' title='bbox 671 747 706 811; x_wconf 90' lang='lat' dir='ltr'><strong>in</strong></span> <span class='ocrx_word' id='word_1_20' title='bbox 728 767 797 832; x_wconf 87' lang='lat' dir='ltr'><strong>qua</strong></span> <span class='ocrx_word' id='word_1_21' title='bbox 817 752 980 831; x_wconf 81' lang='lat' dir='ltr'><strong>quantum</strong></span> <span class='ocrx_word' id='word_1_22' title='bbox 1007 747 1164 812; x_wconf 84' lang='lat' dir='ltr'><strong>Romanis</strong></span> <span class='ocrx_word' id='word_1_23' title='bbox 1182 751 1300 818; x_wconf 85' lang='lat' dir='ltr'><strong>Graeci</strong></span> 
     </span>
     <span class='ocr_line' id='line_1_5' title="bbox 317 852 1232 943; baseline 0.001 -24"><span class='ocrx_word' id='word_1_24' title='bbox 317 856 489 934; x_wconf 90' lang='lat' dir='ltr'><strong>oederent,</strong></span> <span class='ocrx_word' id='word_1_25' title='bbox 524 853 649 918; x_wconf 84' lang='lat' dir='ltr'>idoneis</span> <span class='ocrx_word' id='word_1_26' title='bbox 676 853 876 939; x_wconf 73' lang='lat' dir='ltr'><strong>argumentis</strong></span> <span class='ocrx_word' id='word_1_27' title='bbox 903 852 1143 919; x_wconf 87' lang='lat' dir='ltr'><strong>demonstratur</strong></span> <span class='ocrx_word' id='word_1_28' title='bbox 1167 856 1232 943; x_wconf 78' lang='lat' dir='ltr'><strong>(l).</strong></span> 
     </span>
     <span class='ocr_line' id='line_1_6' title="bbox 356 965 1300 1052; baseline 0.001 -18"><span class='ocrx_word' id='word_1_29' title='bbox 356 965 422 1034; x_wconf 86' lang='lat' dir='ltr'><strong>Sed</strong></span> <span class='ocrx_word' id='word_1_30' title='bbox 440 976 527 1030; x_wconf 86' lang='lat' dir='ltr'><strong>totus</strong></span> <span class='ocrx_word' id='word_1_31' title='bbox 548 965 603 1028; x_wconf 92' lang='lat' dir='ltr'><strong>hic</strong></span> <span class='ocrx_word' id='word_1_32' title='bbox 625 965 717 1030; x_wconf 87' lang='lat' dir='ltr'><strong>locus</strong></span> <span class='ocrx_word' id='word_1_33' title='bbox 737 985 806 1030; x_wconf 91' lang='lat' dir='ltr'><strong>non</strong></span> <span class='ocrx_word' id='word_1_34' title='bbox 827 965 1067 1052; x_wconf 83' lang='lat' dir='ltr'><strong>percurrendos</strong></span> <span class='ocrx_word' id='word_1_35' title='bbox 1093 976 1222 1033; x_wconf 84' lang='lat' dir='ltr'><strong>tantum</strong></span> <span class='ocrx_word' id='word_1_36' title='bbox 1239 989 1300 1035; x_wconf 88' lang='lat' dir='ltr'><strong>ne·</strong></span> 
     </span>
     <span class='ocr_line' id='line_1_7' title="bbox 318 1069 1301 1162; baseline 0.001 -22"><span class='ocrx_word' id='word_1_37' title='bbox 318 1093 385 1162; x_wconf 89' lang='lat' dir='ltr'><strong>que</strong></span> <span class='ocrx_word' id='word_1_38' title='bbox 406 1069 650 1158; x_wconf 77' lang='lat' dir='ltr'><strong>excerpendae,</strong></span> <span class='ocrx_word' id='word_1_39' title='bbox 681 1089 796 1136; x_wconf 71' lang='lat' dir='ltr'><strong>vuum</strong></span> <span class='ocrx_word' id='word_1_40' title='bbox 816 1072 997 1157; x_wconf 88' lang='lat' dir='ltr'><strong>unicuique</strong></span> <span class='ocrx_word' id='word_1_41' title='bbox 1018 1072 1154 1139; x_wconf 85' lang='lat' dir='ltr'><strong>militiae</strong></span> <span class='ocrx_word' id='word_1_42' title='bbox 1174 1075 1301 1141; x_wconf 81' lang='lat' dir='ltr'><strong>Roma·</strong></span> 
     </span>
     <span class='ocr_line' id='line_1_8' title="bbox 319 1183 1298 1274; baseline 0.002 -20"><span class='ocrx_word' id='word_1_43' title='bbox 319 1209 383 1254; x_wconf 88' lang='lat' dir='ltr'><strong>nac</strong></span> <span class='ocrx_word' id='word_1_44' title='bbox 404 1183 653 1274; x_wconf 71' lang='lat' dir='ltr'><strong>cognoscendae</strong></span> <span class='ocrx_word' id='word_1_45' title='bbox 674 1185 800 1270; x_wconf 89' lang='lat' dir='ltr'><strong>cupido</strong></span> <span class='ocrx_word' id='word_1_46' title='bbox 822 1195 948 1250; x_wconf 89' lang='lat' dir='ltr'><strong>attente</strong></span> <span class='ocrx_word' id='word_1_47' title='bbox 967 1187 1213 1272; x_wconf 88' lang='lat' dir='ltr'><strong>perlustrandus</strong></span> <span class='ocrx_word' id='word_1_48' title='bbox 1239 1203 1298 1256; x_wconf 80' lang='lat' dir='ltr'><strong>est.</strong></span> 
     </span>
     <span class='ocr_line' id='line_1_9' title="bbox 319 1288 1301 1377; baseline 0.007 -19"><span class='ocrx_word' id='word_1_49' title='bbox 319 1293 419 1374; x_wconf 86' lang='lat' dir='ltr'><strong>Quod</strong></span> <span class='ocrx_word' id='word_1_50' title='bbox 439 1291 526 1356; x_wconf 86' lang='lat' dir='ltr'><strong>idem</strong></span> <span class='ocrx_word' id='word_1_51' title='bbox 544 1290 629 1354; x_wconf 88' lang='lat' dir='ltr'><strong>valet</strong></span> <span class='ocrx_word' id='word_1_52' title='bbox 651 1288 693 1352; x_wconf 90' lang='lat' dir='ltr'><strong>de</strong></span> <span class='ocrx_word' id='word_1_53' title='bbox 715 1289 786 1352; x_wconf 86' lang='lat' dir='ltr'><strong>aliis</strong></span> <span class='ocrx_word' id='word_1_54' title='bbox 810 1291 891 1354; x_wconf 89' lang='lat' dir='ltr'><strong>locis</strong></span> <span class='ocrx_word' id='word_1_55' title='bbox 912 1292 1090 1377; x_wconf 85' lang='lat' dir='ltr'><strong>permultis.</strong></span> <span class='ocrx_word' id='word_1_56' title='bbox 1136 1297 1193 1362; x_wconf 85' lang='lat' dir='ltr'><strong>Sic</strong></span> <span class='ocrx_word' id='word_1_57' title='bbox 1213 1301 1301 1364; x_wconf 80' lang='lat' dir='ltr'><strong>enin</strong></span> 
     </span>
     <span class='ocr_line' id='line_1_10' title="bbox 319 1397 1299 1486; baseline 0.009 -22"><span class='ocrx_word' id='word_1_58' title='bbox 319 1399 461 1486; x_wconf 86' lang='lat' dir='ltr'><strong>explicat</strong></span> <span class='ocrx_word' id='word_1_59' title='bbox 478 1397 650 1483; x_wconf 82' lang='lat' dir='ltr'><strong>Polybius,</strong></span> <span class='ocrx_word' id='word_1_60' title='bbox 674 1418 759 1483; x_wconf 86' lang='lat' dir='ltr'><strong>quas</strong></span> <span class='ocrx_word' id='word_1_61' title='bbox 779 1397 824 1461; x_wconf 93' lang='lat' dir='ltr'><strong>ob</strong></span> <span class='ocrx_word' id='word_1_62' title='bbox 850 1419 965 1463; x_wconf 88' lang='lat' dir='ltr'><strong>causas</strong></span> <span class='ocrx_word' id='word_1_63' title='bbox 985 1400 1108 1464; x_wconf 87' lang='lat' dir='ltr'><strong>vallum</strong></span> <span class='ocrx_word' id='word_1_64' title='bbox 1128 1404 1299 1473; x_wconf 84' lang='lat' dir='ltr'><strong>Romano·</strong></span> 
     </span>
     <span class='ocr_line' id='line_1_11' title="bbox 318 1506 1302 1598; baseline 0.002 -23"><span class='ocrx_word' id='word_1_65' title='bbox 318 1531 392 1575; x_wconf 88' lang='lat' dir='ltr'><strong>rum</strong></span> <span class='ocrx_word' id='word_1_66' title='bbox 403 1507 604 1572; x_wconf 87' lang='lat' dir='ltr'><strong>Graecorum</strong></span> <span class='ocrx_word' id='word_1_67' title='bbox 619 1506 706 1572; x_wconf 83' lang='lat' dir='ltr'><strong>vallo</strong></span> <span class='ocrx_word' id='word_1_68' title='bbox 722 1508 820 1594; x_wconf 78' lang='lat' dir='ltr'><strong>longe</strong></span> <span class='ocrx_word' id='word_1_69' title='bbox 835 1509 877 1570; x_wconf 89' lang='lat' dir='ltr'><strong>sit</strong></span> <span class='ocrx_word' id='word_1_70' title='bbox 893 1509 1145 1593; x_wconf 78' lang='lat' dir='ltr'><strong>praeterendum</strong></span> <span class='ocrx_word' id='word_1_71' title='bbox 1158 1511 1221 1598; x_wconf 77' lang='lat'><strong>(2).</strong></span> <span class='ocrx_word' id='word_1_72' title='bbox 1245 1514 1302 1578; x_wconf 84' lang='lat' dir='ltr'><strong>Sic</strong></span> 
     </span>
     <span class='ocr_line' id='line_1_12' title="bbox 321 1612 1299 1700; baseline 0.002 -20"><span class='ocrx_word' id='word_1_73' title='bbox 321 1613 598 1700; x_wconf 88' lang='lat' dir='ltr'><strong>comparationem</strong></span> <span class='ocrx_word' id='word_1_74' title='bbox 626 1612 764 1676; x_wconf 84' lang='lat' dir='ltr'><strong>instituit</strong></span> <span class='ocrx_word' id='word_1_75' title='bbox 789 1613 1035 1678; x_wconf 75' lang='lat' dir='ltr'><strong>Macedonicam</strong></span> <span class='ocrx_word' id='word_1_76' title='bbox 1063 1616 1146 1679; x_wconf 91' lang='lat' dir='ltr'><strong>inter</strong></span> <span class='ocrx_word' id='word_1_77' title='bbox 1173 1619 1299 1682; x_wconf 90' lang='lat' dir='ltr'><strong>Roma-</strong></span> 
     </span>
     <span class='ocr_line' id='line_1_13' title="bbox 320 1719 1300 1811; baseline 0.002 -24"><span class='ocrx_word' id='word_1_78' title='bbox 320 1740 465 1807; x_wconf 85' lang='lat' dir='ltr'><strong>namque</strong></span> <span class='ocrx_word' id='word_1_79' title='bbox 484 1720 633 1784; x_wconf 87' lang='lat' dir='ltr'><strong>militiam</strong></span> <span class='ocrx_word' id='word_1_80' title='bbox 655 1719 725 1805; x_wconf 79' lang='lat'><strong>(3),</strong></span> <span class='ocrx_word' id='word_1_81' title='bbox 754 1739 863 1805; x_wconf 90' lang='lat' dir='ltr'><strong>eoque</strong></span> <span class='ocrx_word' id='word_1_82' title='bbox 884 1721 960 1784; x_wconf 91' lang='lat' dir='ltr'><strong>loco</strong></span> <span class='ocrx_word' id='word_1_83' title='bbox 982 1723 1046 1787; x_wconf 89' lang='lat' dir='ltr'><strong>hoc</strong></span> <span class='ocrx_word' id='word_1_84' title='bbox 1069 1744 1167 1810; x_wconf 78' lang='lat' dir='ltr'><strong>agens</strong></span> <span class='ocrx_word' id='word_1_85' title='bbox 1184 1726 1300 1811; x_wconf 88' lang='lat' dir='ltr'><strong>impri-</strong></span> 
     </span>
     <span class='ocr_line' id='line_1_14' title="bbox 319 1826 1303 1914; baseline 0.002 -19"><span class='ocrx_word' id='word_1_86' title='bbox 319 1831 396 1907; x_wconf 88' lang='lat' dir='ltr'><strong>mis,</strong></span> <span class='ocrx_word' id='word_1_87' title='bbox 429 1837 466 1891; x_wconf 91' lang='lat' dir='ltr'><strong>ut</strong></span> <span class='ocrx_word' id='word_1_88' title='bbox 485 1828 616 1892; x_wconf 92' lang='lat' dir='ltr'><strong>illorum</strong></span> <span class='ocrx_word' id='word_1_89' title='bbox 633 1826 832 1914; x_wconf 79' lang='lat' dir='ltr'><strong>phalangem</strong></span> <span class='ocrx_word' id='word_1_90' title='bbox 854 1849 932 1892; x_wconf 89' lang='lat' dir='ltr'><strong>cum</strong></span> <span class='ocrx_word' id='word_1_91' title='bbox 956 1829 1074 1894; x_wconf 88' lang='lat' dir='ltr'><strong>horum</strong></span> <span class='ocrx_word' id='word_1_92' title='bbox 1094 1832 1165 1895; x_wconf 89' lang='lat' dir='ltr'><strong>acie</strong></span> <span class='ocrx_word' id='word_1_93' title='bbox 1188 1834 1303 1897; x_wconf 84' lang='lat' dir='ltr'><strong>conle-</strong></span> 
     </span>
     <span class='ocr_line' id='line_1_15' title="bbox 320 1933 1297 2021; baseline 0.004 -20"><span class='ocrx_word' id='word_1_94' title='bbox 320 1947 390 2014; x_wconf 93' lang='lat' dir='ltr'><strong>rat,</strong></span> <span class='ocrx_word' id='word_1_95' title='bbox 415 1936 584 2021; x_wconf 80' lang='lat' dir='ltr'><strong>utrimque</strong></span> <span class='ocrx_word' id='word_1_96' title='bbox 601 1944 634 1998; x_wconf 90' lang='lat' dir='ltr'><strong>et</strong></span> <span class='ocrx_word' id='word_1_97' title='bbox 659 1933 833 2000; x_wconf 90' lang='lat' dir='ltr'><strong>commoda</strong></span> <span class='ocrx_word' id='word_1_98' title='bbox 855 1946 888 2000; x_wconf 89' lang='lat' dir='ltr'><strong>et</strong></span> <span class='ocrx_word' id='word_1_99' title='bbox 908 1937 1117 2002; x_wconf 87' lang='lat' dir='ltr'><strong>incommoda</strong></span> <span class='ocrx_word' id='word_1_100' title='bbox 1135 1950 1297 2017; x_wconf 79' lang='lat' dir='ltr'><strong>recenset,</strong></span> 
     </span>
     <span class='ocr_line' id='line_1_16' title="bbox 322 2041 1303 2131; baseline 0.002 -22"><span class='ocrx_word' id='word_1_101' title='bbox 322 2045 495 2110; x_wconf 82' lang='lat' dir='ltr'><strong>utilitatem</strong></span> <span class='ocrx_word' id='word_1_102' title='bbox 513 2041 692 2115; x_wconf 87' lang='lat' dir='ltr'><strong>diiudicat,</strong></span> <span class='ocrx_word' id='word_1_103' title='bbox 730 2041 873 2126; x_wconf 85' lang='lat' dir='ltr'><strong>denique</strong></span> <span class='ocrx_word' id='word_1_104' title='bbox 893 2044 1032 2108; x_wconf 84' lang='lat' dir='ltr'><strong>ostendit</strong></span> <span class='ocrx_word' id='word_1_105' title='bbox 1049 2064 1110 2107; x_wconf 89' lang='lat' dir='ltr'><strong>eur</strong></span> <span class='ocrx_word' id='word_1_106' title='bbox 1130 2057 1163 2110; x_wconf 92' lang='lat' dir='ltr'><strong>et</strong></span> <span class='ocrx_word' id='word_1_107' title='bbox 1180 2046 1303 2131; x_wconf 85' lang='lat' dir='ltr'><strong>quibus</strong></span> 
     </span>
     <span class='ocr_line' id='line_1_17' title="bbox 319 2148 1091 2235; baseline 0 -19"><span class='ocrx_word' id='word_1_108' title='bbox 319 2154 354 2216; x_wconf 91' lang='lat' dir='ltr'><strong>iu</strong></span> <span class='ocrx_word' id='word_1_109' title='bbox 370 2150 468 2215; x_wconf 90' lang='lat' dir='ltr'><strong>rebus</strong></span> <span class='ocrx_word' id='word_1_110' title='bbox 485 2148 642 2235; x_wconf 77' lang='lat' dir='ltr'><strong>phalangi</strong></span> <span class='ocrx_word' id='word_1_111' title='bbox 660 2158 802 2232; x_wconf 81' lang='lat' dir='ltr'><strong>praestet</strong></span> <span class='ocrx_word' id='word_1_112' title='bbox 821 2150 906 2212; x_wconf 88' lang='lat' dir='ltr'><strong>acies</strong></span> <span class='ocrx_word' id='word_1_113' title='bbox 930 2152 1091 2216; x_wconf 88' lang='lat' dir='ltr'><strong>Romana.</strong></span> 
     </span>
     <span class='ocr_line' id='line_1_18' title="bbox 361 2255 1298 2342; baseline 0.004 -20"><span class='ocrx_word' id='word_1_114' title='bbox 361 2257 580 2342; x_wconf 86' lang='lat' dir='ltr'><strong>Praecipuum</strong></span> <span class='ocrx_word' id='word_1_115' title='bbox 598 2265 707 2319; x_wconf 85' lang='lat' dir='ltr'><strong>autern</strong></span> <span class='ocrx_word' id='word_1_116' title='bbox 722 2257 757 2318; x_wconf 91' lang='lat' dir='ltr'><strong>in</strong></span> <span class='ocrx_word' id='word_1_117' title='bbox 774 2255 825 2318; x_wconf 87' lang='lat' dir='ltr'><strong>bis</strong></span> <span class='ocrx_word' id='word_1_118' title='bbox 845 2256 995 2321; x_wconf 87' lang='lat' dir='ltr'><strong>omnibus</strong></span> <span class='ocrx_word' id='word_1_119' title='bbox 1009 2260 1179 2324; x_wconf 88' lang='lat' dir='ltr'><strong>consilium</strong></span> <span class='ocrx_word' id='word_1_120' title='bbox 1195 2262 1298 2326; x_wconf 87' lang='lat' dir='ltr'><strong>babe-</strong></span> 
     </span>
     <span class='ocr_line' id='line_1_19' title="bbox 319 2363 1303 2452; baseline 0.001 -20"><span class='ocrx_word' id='word_1_121' title='bbox 319 2367 377 2434; x_wconf 86' lang='lat' dir='ltr'><strong>bat</strong></span> <span class='ocrx_word' id='word_1_122' title='bbox 400 2364 553 2452; x_wconf 85' lang='lat' dir='ltr'><strong>Polybius</strong></span> <span class='ocrx_word' id='word_1_123' title='bbox 571 2363 695 2441; x_wconf 88' lang='lat' dir='ltr'><strong>hocce,</strong></span> <span class='ocrx_word' id='word_1_124' title='bbox 722 2373 757 2427; x_wconf 92' lang='lat' dir='ltr'><strong>ut</strong></span> <span class='ocrx_word' id='word_1_125' title='bbox 780 2363 973 2449; x_wconf 82' lang='lat' dir='ltr'><strong>explicaret,</strong></span> <span class='ocrx_word' id='word_1_126' title='bbox 999 2366 1119 2450; x_wconf 88' lang='lat' dir='ltr'><strong>quibus</strong></span> <span class='ocrx_word' id='word_1_127' title='bbox 1139 2389 1177 2432; x_wconf 87' lang='lat' dir='ltr'><strong>ex</strong></span> <span class='ocrx_word' id='word_1_128' title='bbox 1196 2369 1303 2433; x_wconf 86' lang='lat' dir='ltr'><strong>causis</strong></span> 
     </span>
     <span class='ocr_line' id='line_1_20' title="bbox 322 2472 1298 2562; baseline 0.002 -22"><span class='ocrx_word' id='word_1_129' title='bbox 322 2476 464 2542; x_wconf 85' lang='lat' dir='ltr'><strong>Romani</strong></span> <span class='ocrx_word' id='word_1_130' title='bbox 482 2475 596 2538; x_wconf 88' lang='lat' dir='ltr'><strong>ceteris</strong></span> <span class='ocrx_word' id='word_1_131' title='bbox 618 2472 769 2536; x_wconf 90' lang='lat' dir='ltr'><strong>omnibus</strong></span> <span class='ocrx_word' id='word_1_132' title='bbox 790 2474 879 2536; x_wconf 84' lang='lat' dir='ltr'><strong>inre</strong></span> <span class='ocrx_word' id='word_1_133' title='bbox 899 2473 1018 2537; x_wconf 89' lang='lat' dir='ltr'><strong>bellica</strong></span> <span class='ocrx_word' id='word_1_134' title='bbox 1039 2478 1184 2561; x_wconf 81' lang='lat' dir='ltr'><strong>palmam</strong></span> <span class='ocrx_word' id='word_1_135' title='bbox 1200 2499 1298 2562; x_wconf 85' lang='lat' dir='ltr'><strong>prae-</strong></span> 
     </span>
     <span class='ocr_line' id='line_1_21' title="bbox 321 2583 1302 2670; baseline 0 -22"><span class='ocrx_word' id='word_1_136' title='bbox 321 2585 465 2670; x_wconf 87' lang='lat' dir='ltr'><strong>riperent</strong></span> <span class='ocrx_word' id='word_1_137' title='bbox 483 2592 516 2646; x_wconf 90' lang='lat' dir='ltr'><strong>et</strong></span> <span class='ocrx_word' id='word_1_138' title='bbox 535 2590 662 2644; x_wconf 90' lang='lat' dir='ltr'><strong>tantum</strong></span> <span class='ocrx_word' id='word_1_139' title='bbox 679 2601 747 2644; x_wconf 89' lang='lat' dir='ltr'><strong>non</strong></span> <span class='ocrx_word' id='word_1_140' title='bbox 773 2601 898 2667; x_wconf 89' lang='lat' dir='ltr'><strong>semper</strong></span> <span class='ocrx_word' id='word_1_141' title='bbox 914 2583 1055 2648; x_wconf 77' lang='lat' dir='ltr'><strong>victores</strong></span> <span class='ocrx_word' id='word_1_142' title='bbox 1074 2607 1093 2648; x_wconf 90' lang='lat' dir='ltr'><strong>e</strong></span> <span class='ocrx_word' id='word_1_143' title='bbox 1114 2605 1226 2668; x_wconf 83' lang='lat' dir='ltr'><strong>pugna</strong></span> <span class='ocrx_word' id='word_1_144' title='bbox 1246 2605 1302 2648; x_wconf 87' lang='lat' dir='ltr'><strong>re·</strong></span> 
     </span>
     <span class='ocr_line' id='line_1_22' title="bbox 321 2689 1298 2779; baseline 0 -25"><span class='ocrx_word' id='word_1_145' title='bbox 321 2691 437 2754; x_wconf 91' lang='lat' dir='ltr'><strong>dirent.</strong></span> <span class='ocrx_word' id='word_1_146' title='bbox 482 2689 545 2765; x_wconf 82' lang='lat' dir='ltr'><strong>At,</strong></span> <span class='ocrx_word' id='word_1_147' title='bbox 581 2689 670 2752; x_wconf 89' lang='lat' dir='ltr'><strong>dicat</strong></span> <span class='ocrx_word' id='word_1_148' title='bbox 697 2689 835 2775; x_wconf 89' lang='lat' dir='ltr'><strong>aliquis,</strong></span> <span class='ocrx_word' id='word_1_149' title='bbox 871 2691 972 2756; x_wconf 81' lang='lat' dir='ltr'><strong>invita</strong></span> <span class='ocrx_word' id='word_1_150' title='bbox 993 2693 1057 2756; x_wconf 89' lang='lat' dir='ltr'><strong>hac</strong></span> <span class='ocrx_word' id='word_1_151' title='bbox 1077 2692 1298 2779; x_wconf 88' lang='lat' dir='ltr'><strong>praestantia,</strong></span> 
     </span>
     <span class='ocr_line' id='line_1_23' title="bbox 323 2795 1300 2884; baseline 0 -21"><span class='ocrx_word' id='word_1_152' title='bbox 323 2796 441 2863; x_wconf 86' lang='lat' dir='ltr'><strong>cedere</strong></span> <span class='ocrx_word' id='word_1_153' title='bbox 463 2806 571 2860; x_wconf 86' lang='lat' dir='ltr'><strong>tamen</strong></span> <span class='ocrx_word' id='word_1_154' title='bbox 593 2795 777 2860; x_wconf 81' lang='lat' dir='ltr'><strong>debuemmt</strong></span> <span class='ocrx_word' id='word_1_155' title='bbox 800 2796 994 2875; x_wconf 86' lang='lat' dir='ltr'><strong>Hannibali,</strong></span> <span class='ocrx_word' id='word_1_156' title='bbox 1027 2818 1135 2884; x_wconf 92' lang='lat' dir='ltr'><strong>aquo</strong></span> <span class='ocrx_word' id='word_1_157' title='bbox 1153 2799 1300 2884; x_wconf 65' lang='lat' dir='ltr'><strong>gradiui-</strong></span> 
     </span>
     <span class='ocr_line' id='line_1_24' title="bbox 323 2904 1297 2992; baseline 0.001 -22"><span class='ocrx_word' id='word_1_158' title='bbox 323 2925 394 2970; x_wconf 87' lang='lat' dir='ltr'><strong>mas</strong></span> <span class='ocrx_word' id='word_1_159' title='bbox 414 2904 523 2968; x_wconf 90' lang='lat' dir='ltr'><strong>clades</strong></span> <span class='ocrx_word' id='word_1_160' title='bbox 537 2904 628 2969; x_wconf 90' lang='lat' dir='ltr'><strong>haud</strong></span> <span class='ocrx_word' id='word_1_161' title='bbox 649 2905 746 2968; x_wconf 89' lang='lat' dir='ltr'><strong>semel</strong></span> <span class='ocrx_word' id='word_1_162' title='bbox 765 2925 925 2992; x_wconf 90' lang='lat' dir='ltr'><strong>accepere</strong></span> <span class='ocrx_word' id='word_1_163' title='bbox 948 2917 980 2970; x_wconf 90' lang='lat' dir='ltr'><strong>et</strong></span> <span class='ocrx_word' id='word_1_164' title='bbox 997 2928 1038 2970; x_wconf 89' lang='lat' dir='ltr'><strong>eo</strong></span> <span class='ocrx_word' id='word_1_165' title='bbox 1061 2907 1186 2972; x_wconf 90' lang='lat' dir='ltr'><strong>redacti</strong></span> <span class='ocrx_word' id='word_1_166' title='bbox 1203 2918 1297 2986; x_wconf 88' lang='lat' dir='ltr'><strong>sunt,</strong></span> 
     </span>
     <span class='ocr_line' id='line_1_25' title="bbox 325 3009 1301 3099; baseline 0.004 -24"><span class='ocrx_word' id='word_1_167' title='bbox 325 3021 382 3086; x_wconf 90' lang='lat' dir='ltr'><strong>ut,</strong></span> <span class='ocrx_word' id='word_1_168' title='bbox 413 3011 505 3074; x_wconf 87' lang='lat' dir='ltr'><strong>hoste</strong></span> <span class='ocrx_word' id='word_1_169' title='bbox 526 3010 569 3073; x_wconf 91' lang='lat' dir='ltr'><strong>ad</strong></span> <span class='ocrx_word' id='word_1_170' title='bbox 588 3009 677 3073; x_wconf 90' lang='lat' dir='ltr'><strong>urbis</strong></span> <span class='ocrx_word' id='word_1_171' title='bbox 697 3012 763 3072; x_wconf 91' lang='lat' dir='ltr'><strong>iam</strong></span> <span class='ocrx_word' id='word_1_172' title='bbox 778 3013 906 3075; x_wconf 89' lang='lat' dir='ltr'><strong>moenia</strong></span> <span class='ocrx_word' id='word_1_173' title='bbox 926 3015 1234 3099; x_wconf 86' lang='lat' dir='ltr'><strong>appropinquante,</strong></span> <span class='ocrx_word' id='word_1_174' title='bbox 1259 3016 1301 3079; x_wconf 91' lang='lat' dir='ltr'><strong>de</strong></span> 
     </span>
    </p>
   </div>
   <div class='ocr_carea' id='block_1_3' title="bbox 288 3116 1299 3317">
    <p class='ocr_par' dir='ltr' id='par_1_3' title="bbox 288 3116 1299 3317">
     <span class='ocr_line' id='line_1_26' title="bbox 324 3116 1298 3205; baseline 0.007 -25"><span class='ocrx_word' id='word_1_175' title='bbox 324 3119 395 3201; x_wconf 87' lang='lat' dir='ltr'><strong>ipsa</strong></span> <span class='ocrx_word' id='word_1_176' title='bbox 413 3135 518 3201; x_wconf 87' lang='lat' dir='ltr'><strong>prope</strong></span> <span class='ocrx_word' id='word_1_177' title='bbox 537 3116 640 3179; x_wconf 88' lang='lat' dir='ltr'><strong>salute</strong></span> <span class='ocrx_word' id='word_1_178' title='bbox 658 3116 876 3200; x_wconf 86' lang='lat' dir='ltr'><strong>desperarent.</strong></span> <span class='ocrx_word' id='word_1_179' title='bbox 924 3119 1046 3183; x_wconf 89' lang='lat' dir='ltr'><strong>Verum</strong></span> <span class='ocrx_word' id='word_1_180' title='bbox 1067 3122 1202 3205; x_wconf 90' lang='lat' dir='ltr'><strong>quidem</strong></span> <span class='ocrx_word' id='word_1_181' title='bbox 1222 3123 1298 3200; x_wconf 87' lang='lat' dir='ltr'><strong>boc,</strong></span> 
     </span>
     <span class='ocr_line' id='line_1_27' title="bbox 288 3221 1299 3317; baseline 0.01 -31"><span class='ocrx_word' id='word_1_182' title='bbox 288 3270 290 3272; x_wconf 87' lang='lat'>-</span> <span class='ocrx_word' id='word_1_183' title='bbox 326 3221 433 3306; x_wconf 90' lang='lat' dir='ltr'><strong>inquit</strong></span> <span class='ocrx_word' id='word_1_184' title='bbox 454 3221 608 3306; x_wconf 88' lang='lat' dir='ltr'><strong>Polybius</strong></span> <span class='ocrx_word' id='word_1_185' title='bbox 630 3221 702 3308; x_wconf 72' lang='grc' dir='ltr'><strong>(Δ),</strong></span> <span class='ocrx_word' id='word_1_186' title='bbox 733 3222 789 3285; x_wconf 86' lang='lat' dir='ltr'><strong>sed</strong></span> <span class='ocrx_word' id='word_1_187' title='bbox 820 3223 902 3287; x_wconf 89' lang='lat' dir='ltr'><strong>nihil</strong></span> <span class='ocrx_word' id='word_1_188' title='bbox 923 3226 1000 3290; x_wconf 90' lang='lat' dir='ltr'><strong>inde</strong></span> <span class='ocrx_word' id='word_1_189' title='bbox 1032 3230 1196 3315; x_wconf 85' lang='lat' dir='ltr'><strong>sequitur,</strong></span> <span class='ocrx_word' id='word_1_190' title='bbox 1230 3253 1299 3317; x_wconf 91' lang='lat' dir='ltr'><strong>quo</strong></span> 
     </span>
    </p>
   </div>
   <div class='ocr_carea' id='block_1_4' title="bbox 326 3328 1395 3408">
    <p class='ocr_par' dir='ltr' id='par_1_4' title="bbox 326 3328 1395 3408">
     <span class='ocr_line' id='line_1_28' title="bbox 326 3328 1395 3408; baseline 0.01 -15"><span class='ocrx_word' id='word_1_191' title='bbox 326 3331 431 3408; x_wconf 87' lang='lat' dir='ltr'><strong>minus</strong></span> <span class='ocrx_word' id='word_1_192' title='bbox 448 3328 604 3393; x_wconf 86' lang='lat' dir='ltr'><strong>excellere</strong></span> <span class='ocrx_word' id='word_1_193' title='bbox 622 3329 736 3392; x_wconf 88' lang='lat' dir='ltr'><strong>militia</strong></span> <span class='ocrx_word' id='word_1_194' title='bbox 747 3329 898 3395; x_wconf 82' lang='lat' dir='ltr'><strong>Romana</strong></span> <span class='ocrx_word' id='word_1_195' title='bbox 919 3334 1076 3398; x_wconf 84' lang='lat' dir='ltr'><strong>videatur.</strong></span> <span class='ocrx_word' id='word_1_196' title='bbox 1111 3336 1203 3401; x_wconf 82' lang='lat' dir='ltr'><strong>Aliae</strong></span> <span class='ocrx_word' id='word_1_197' title='bbox 1215 3339 1302 3402; x_wconf 89' lang='lat' dir='ltr'><strong>enim</strong></span> <span class='ocrx_word' id='word_1_198' title='bbox 1388 3331 1395 3336; x_wconf 59' lang='grc'><strong>’</strong></span> 
     </span>
    </p>
   </div>
   <div class='ocr_carea' id='block_1_5' title="bbox 327 3438 1305 3526">
    <p class='ocr_par' dir='ltr' id='par_1_5' title="bbox 327 3438 1305 3526">
     <span class='ocr_line' id='line_1_29' title="bbox 327 3438 1305 3526; baseline 0.006 -23"><span class='ocrx_word' id='word_1_199' title='bbox 327 3450 418 3506; x_wconf 86' lang='lat' dir='ltr'><strong>erant</strong></span> <span class='ocrx_word' id='word_1_200' title='bbox 440 3459 577 3515; x_wconf 86' lang='lat' dir='ltr'><strong>causae,</strong></span> <span class='ocrx_word' id='word_1_201' title='bbox 608 3438 729 3524; x_wconf 89' lang='lat' dir='ltr'><strong>quibus</strong></span> <span class='ocrx_word' id='word_1_202' title='bbox 749 3459 788 3502; x_wconf 89' lang='lat' dir='ltr'><strong>ec</strong></span> <span class='ocrx_word' id='word_1_203' title='bbox 809 3442 955 3526; x_wconf 87' lang='lat' dir='ltr'><strong>pervenit</strong></span> <span class='ocrx_word' id='word_1_204' title='bbox 972 3442 1154 3522; x_wconf 87' lang='lat' dir='ltr'><strong>Hannibal,</strong></span> <span class='ocrx_word' id='word_1_205' title='bbox 1187 3454 1221 3506; x_wconf 89' lang='lat' dir='ltr'><strong>et</strong></span> <span class='ocrx_word' id='word_1_206' title='bbox 1247 3444 1305 3509; x_wconf 84' lang='lat' dir='ltr'><strong>lric</strong></span> 
     </span>
    </p>
   </div>
   <div class='ocr_carea' id='block_1_6' title="bbox 334 3647 1298 4112">
    <p class='ocr_par' dir='ltr' id='par_1_6' title="bbox 357 3647 642 3718">
     <span class='ocr_line' id='line_1_30' title="bbox 357 3647 642 3718; baseline -0.007 -18"><span class='ocrx_word' id='word_1_207' title='bbox 357 3650 401 3718; x_wconf 86' lang='lat'><strong>(1)</strong></span> <span class='ocrx_word' id='word_1_208' title='bbox 428 3650 455 3701; x_wconf 82' lang='lat' dir='ltr'><strong>L.</strong></span> <span class='ocrx_word' id='word_1_209' title='bbox 474 3647 490 3699; x_wconf 89' lang='lat' dir='ltr'><strong>l.</strong></span> <span class='ocrx_word' id='word_1_210' title='bbox 510 3665 532 3698; x_wconf 91' lang='lat' dir='ltr'><strong>c.</strong></span> <span class='ocrx_word' id='word_1_211' title='bbox 551 3648 585 3698; x_wconf 80' lang='grc'><strong>11</strong></span> <span class='ocrx_word' id='word_1_212' title='bbox 605 3665 642 3718; x_wconf 87' lang='lat' dir='ltr'><strong>sq.</strong></span> 
     </span>
    </p>

    <p class='ocr_par' dir='ltr' id='par_1_7' title="bbox 358 3741 661 3812">
     <span class='ocr_line' id='line_1_31' title="bbox 358 3741 661 3812; baseline -0.01 -18"><span class='ocrx_word' id='word_1_213' title='bbox 358 3745 401 3812; x_wconf 78' lang='lat'><strong>(2)</strong></span> <span class='ocrx_word' id='word_1_214' title='bbox 429 3743 457 3794; x_wconf 84' lang='lat' dir='ltr'><strong>L.</strong></span> <span class='ocrx_word' id='word_1_215' title='bbox 475 3741 574 3806; x_wconf 88' lang='lat' dir='ltr'><strong>xv111,</strong></span> <span class='ocrx_word' id='word_1_216' title='bbox 593 3759 616 3792; x_wconf 87' lang='lat' dir='ltr'><strong>c.</strong></span> <span class='ocrx_word' id='word_1_217' title='bbox 635 3742 661 3792; x_wconf 92' lang='lat'><strong>1.</strong></span> 
     </span>
    </p>

    <p class='ocr_par' dir='ltr' id='par_1_8' title="bbox 334 3830 1298 4003">
     <span class='ocr_line' id='line_1_32' title="bbox 359 3830 1298 3910; baseline 0.012 -30"><span class='ocrx_word' id='word_1_218' title='bbox 359 3835 403 3904; x_wconf 82' lang='grc'><strong>(3)</strong></span> <span class='ocrx_word' id='word_1_219' title='bbox 431 3830 670 3883; x_wconf 83' lang='lat' dir='ltr'><strong>lbid.c.11-16.</strong></span> <span class='ocrx_word' id='word_1_220' title='bbox 708 3832 779 3884; x_wconf 76' lang='lat' dir='ltr'><strong>Aliae</strong></span> <span class='ocrx_word' id='word_1_221' title='bbox 804 3832 837 3884; x_wconf 90' lang='lat' dir='ltr'><strong>de</strong></span> <span class='ocrx_word' id='word_1_222' title='bbox 856 3835 945 3887; x_wconf 85' lang='lat' dir='ltr'><strong>militia</strong></span> <span class='ocrx_word' id='word_1_223' title='bbox 964 3839 1100 3889; x_wconf 83' lang='lat' dir='ltr'><strong>sententiae</strong></span> <span class='ocrx_word' id='word_1_224' title='bbox 1123 3839 1213 3910; x_wconf 80' lang='lat' dir='ltr'><strong>passim</strong></span> <span class='ocrx_word' id='word_1_225' title='bbox 1232 3839 1298 3910; x_wconf 86' lang='lat' dir='ltr'><strong>apud</strong></span> 
     </span>
     <span class='ocr_line' id='line_1_33' title="bbox 334 3925 1298 4003; baseline 0.003 -20"><span class='ocrx_word' id='word_1_226' title='bbox 334 3927 465 3997; x_wconf 88' lang='lat' dir='ltr'><strong>Polybium</strong></span> <span class='ocrx_word' id='word_1_227' title='bbox 472 3933 604 3977; x_wconf 82' lang='lat' dir='ltr'><strong>occumrnt</strong></span> <span class='ocrx_word' id='word_1_228' title='bbox 614 3963 622 3991; x_wconf 85' lang='lat'>‚</span> <span class='ocrx_word' id='word_1_229' title='bbox 632 3925 708 3977; x_wconf 88' lang='lat' dir='ltr'><strong>veluti</strong></span> <span class='ocrx_word' id='word_1_230' title='bbox 722 3926 738 3980; x_wconf 91' lang='grc' dir='ltr'><strong>Ι.</strong></span> <span class='ocrx_word' id='word_1_231' title='bbox 749 3928 762 3977; x_wconf 91' lang='grc' dir='ltr'>Ι</span> <span class='ocrx_word' id='word_1_232' title='bbox 769 3965 777 3995; x_wconf 74' lang='grc'><em>,</em></span> <span class='ocrx_word' id='word_1_233' title='bbox 795 3946 816 3981; x_wconf 90' lang='lat' dir='ltr'><strong>c.</strong></span> <span class='ocrx_word' id='word_1_234' title='bbox 828 3930 880 3996; x_wconf 84' lang='lat'><strong>17,</strong></span> <span class='ocrx_word' id='word_1_235' title='bbox 899 3930 915 3986; x_wconf 91' lang='lat' dir='ltr'><strong>l.</strong></span> <span class='ocrx_word' id='word_1_236' title='bbox 923 3931 964 3998; x_wconf 86' lang='lat' dir='ltr'><strong>lt,</strong></span> <span class='ocrx_word' id='word_1_237' title='bbox 975 3949 996 3983; x_wconf 85' lang='lat' dir='ltr'><strong>c.</strong></span> <span class='ocrx_word' id='word_1_238' title='bbox 1008 3932 1059 4001; x_wconf 82' lang='lat'><strong>29,</strong></span> <span class='ocrx_word' id='word_1_239' title='bbox 1079 3933 1095 3986; x_wconf 92' lang='lat' dir='ltr'><strong>l.</strong></span> <span class='ocrx_word' id='word_1_240' title='bbox 1104 3935 1164 4003; x_wconf 80' lang='lat' dir='ltr'><strong>XV,</strong></span> <span class='ocrx_word' id='word_1_241' title='bbox 1173 3954 1195 3988; x_wconf 89' lang='lat' dir='ltr'><strong>c.</strong></span> <span class='ocrx_word' id='word_1_242' title='bbox 1207 3937 1241 3988; x_wconf 82' lang='lat'><strong>15</strong></span> <span class='ocrx_word' id='word_1_243' title='bbox 1249 3943 1298 3987; x_wconf 85' lang='lat' dir='ltr'><strong>cet.</strong></span> 
     </span>
    </p>

    <p class='ocr_par' dir='ltr' id='par_1_9' title="bbox 361 4019 673 4112">
     <span class='ocr_line' id='line_1_34' title="bbox 361 4019 673 4112; baseline -0.006 -38"><span class='ocrx_word' id='word_1_244' title='bbox 361 4025 403 4094; x_wconf 73' lang='grc'><strong>(1)</strong></span> <span class='ocrx_word' id='word_1_245' title='bbox 421 4025 455 4112; x_wconf 56' lang='lat' dir='ltr'><strong>b.⁸</strong></span> <span class='ocrx_word' id='word_1_246' title='bbox 467 4021 551 4076; x_wconf 87' lang='lat' dir='ltr'><strong>XVlll</strong></span> <span class='ocrx_word' id='word_1_247' title='bbox 561 4057 569 4086; x_wconf 84' lang='lat'><strong>,</strong></span> <span class='ocrx_word' id='word_1_248' title='bbox 588 4037 610 4072; x_wconf 73' lang='lat' dir='ltr'><strong>c,</strong></span> <span class='ocrx_word' id='word_1_249' title='bbox 630 4019 673 4072; x_wconf 85' lang='lat'><strong>11.</strong></span> 
     </span>
    </p>
   </div>
   <div class='ocr_carea' id='block_1_7' title="bbox 0 0 1457 5017">
    <p class='ocr_par' dir='ltr' id='par_1_10' title="bbox 0 0 1457 5017">
     <span class='ocr_line' id='line_1_35' title="bbox 0 0 1457 5017; baseline 0 0"><span class='ocrx_word' id='word_1_250' title='bbox 0 0 1457 5017; x_wconf 95' lang='lat' dir='ltr'><strong> </strong></span> 
     </span>
    </p>
   </div>
  </div>
 </body>
</html>
