2867 5017
596 351 636 418 ⁴1

139 548 218 636 ipse,
243 546 498 611 adversariorum
519 569 608 612 arma
629 533 790 625 imitatus,
826 549 1114 622 bonorifieentiesi·

139 675 223 718 mum
246 652 287 716 de
304 654 343 718 iis
365 657 582 720 testimonium
602 655 714 720 edidit.

176 759 249 823 Non
268 760 411 825 alienum
429 773 474 826 est
495 763 560 826 hoo
582 763 657 826 loeo
671 781 851 825 memorare
861 763 1112 852 descriptionem

138 872 188 947 τῆς
207 870 380 951 παροινίας,
414 872 480 937 n'vo
502 872 635 935 rationis
652 871 784 934 nuntios
803 890 864 955 per
887 871 976 938 laesa
1002 873 1112 938 subla·

138 985 182 1038 tas
195 976 367 1054 mittendi,
392 999 480 1064 quae
500 976 714 1062 τηλεγραφίας
733 979 865 1042 nomine
884 979 976 1065 apud
995 999 1111 1044 renen·

137 1082 226 1144 tiores
249 1081 412 1147 celebrata
430 1095 478 1148 est
500 1084 562 1171 (l).
588 1086 659 1148 lloo
680 1085 766 1148 enim
787 1085 954 1149 inventum
969 1086 1013 1149 ita
1033 1089 1112 1150 utile

30 1277 31 1282 ἵ
135 1190 167 1252 in
186 1209 220 1251 re
244 1188 363 1255 bellica
389 1193 543 1280 Polybius
566 1193 755 1270 iudicabat,
789 1203 827 1256 ut
848 1191 1017 1278 quomodo
1037 1213 1110 1257 sen·

133 1297 187 1360 sim
228 1299 416 1384 sensimque
452 1301 660 1364 emendatum
691 1301 802 1364 fuisset
831 1321 872 1363 ao
903 1299 1107 1385 perfeetum,

134 1403 283 1466 eonsulto
303 1404 534 1490 explicandum
555 1405 777 1469 arbitraretur.
814 1405 991 1491 Postquam
1011 1408 1110 1492 igitur

132 1510 290 1587 ostendit,
315 1531 417 1596 quarn
438 1531 556 1595 parum
579 1517 656 1596 apta
676 1510 887 1595 antiquorum
909 1511 1006 1575 luerit
1025 1513 1110 1576 ratio

132 1619 217 1704 signa
244 1639 304 1704 per
323 1619 411 1682 faces
433 1617 549 1694 dandi,
574 1618 702 1682 Aeneae
725 1618 881 1705 deinceps
906 1620 1029 1683 Tactiei
1054 1643 1109 1685 ra*

132 1728 255 1792 tionem
275 1727 426 1813 exponit,
461 1725 595 1811 eiusque
612 1727 820 1790 incommoda
837 1738 1017 1792 animarat.
1041 1728 1107 1794 lde·

130 1834 190 1896 lius
207 1836 392 1898 institutum
402 1835 663 1918 excogitaverant
681 1844 793 1918 postea
801 1833 1032 1900 Cleoxenusao
1043 1837 1107 1902 ne-

30 1953 31 2014 }
129 1943 304 2018 moolitus,
330 1951 367 2003 ut
384 1959 502 2023 nempe
521 1940 665 2024 singulae
686 1941 798 2003 literae
817 1940 932 2003 ordine
951 1941 1107 2009 dbtrbu·

30 2031 31 2060 Ἰ
127 2058 179 2112 tae
203 2058 296 2112 certo
319 2067 410 2134 signo
431 2046 662 2110 indicarentur.
689 2047 837 2126 Quorum
853 2048 954 2124 ratio,
980 2048 1108 2135 abipso

30 2183 31 2224 4
126 2156 271 2241 Polybio
283 2163 446 2230 correcta,
471 2153 615 2216 omnium
626 2154 859 2239 simplicissima
876 2165 946 2218 orat
963 2165 996 2218 et
1011 2157 1105 2220 iacil-

126 2265 215 2328 lima.
265 2263 428 2344 Quocirca
457 2259 609 2346 Polybius
641 2262 741 2324 insius
772 2261 815 2324 de
845 2283 884 2325 ea
916 2263 1039 2328 dissent
1073 2277 1105 2332 ot

30 2457 31 2460 Ἴ
128 2383 233 2436 totam
265 2393 334 2436 rem
369 2373 414 2436 ita
447 2371 610 2456 explieat,
657 2380 692 2433 ut
725 2370 768 2433 ab
798 2371 891 2432 initio
927 2371 972 2435 ad
1006 2373 1107 2439 finem

30 2511 31 2560 ,
126 2499 231 2567 usque
261 2491 329 2544 erat
359 2479 633 2554 adrninistrenda,
669 2478 771 2540 allato
801 2479 899 2540 etiam
929 2482 1105 2565 speciatim

128 2590 235 2654 nuntii
267 2589 424 2664 alieuius,
458 2605 558 2672 quern
584 2582 778 2647 mittendum
798 2582 858 2646 sibi
884 2584 989 2672 fingit.
1036 2587 1104 2650 Neo

128 2718 166 2760 ee
206 2717 272 2774 res,
308 2697 437 2781 inquit,
473 2704 509 2757 nt
544 2693 627 2756 bene
656 2702 793 2778 agetur,
828 2702 895 2756 tam
936 2693 1103 2756 difficilem

126 2825 261 2890 operam
296 2805 454 2890 requirit,
489 2802 589 2865 modo
618 2802 699 2865 adsit
732 2821 809 2863 usus
839 2810 872 2862 et
903 2801 1101 2863 exercitatio.

126 2913 316 2998 Haeo-eninr
334 2921 496 2998 quantum
514 2910 660 2986 valeant,
684 2909 755 2993 ipsa
773 2907 870 2970 docet
889 2906 1018 2992 legendi
1034 2928 1100 2984 ara,

30 3029 31 3058 ³
128 3025 222 3087 auitas
243 3021 466 3096 difficultates,
491 3017 582 3080 haud
603 3037 678 3079 sane
700 3015 847 3102 exiguas,
872 3013 1020 3078 adhibito
1033 3025 1101 3078 stu·

126 3129 181 3192 dio
205 3137 239 3191 et
259 3127 390 3203 labore,
414 3124 465 3189 vel
487 3143 505 3186 a
524 3123 633 3208 pueris
653 3123 799 3207 superari
819 3122 975 3187 videmus.
1020 3124 1101 3204 Qui.
1195 3150 1198 3154 ι

126 3236 190 3300 bus
211 3237 259 3298 ita
279 3233 374 3297 dietis
394 3231 481 3294 hanc
503 3249 635 3292 auream
652 3227 843 3290 sententiam
859 3226 1002 3290 subiicit:
1026 3226 1099 3292 ἀλλ’

126 3343 188 3404 οὐκ
213 3335 409 3402 ἀποστατέον
432 3333 558 3408 οὐδενὸς
589 3336 654 3398 τῶν
684 3334 840 3416 χρησίμων
862 3331 916 3396 διὰ
940 3339 998 3409 τὰς
1018 3361 1099 3421 προ..

126 3443 329 3529 φαινομένας
354 3439 549 3525 δυσχερείας·
584 3437 779 3523 προσακτέον
801 3436 835 3500 ds'
862 3443 921 3518 τὴν
951 3440 1021 3516 ’ἕξιν
1033 3493 1044 3524 ,
1076 3435 1099 3529 ᾗ

126 3561 237 3621 πάντα
258 3555 298 3618 τὰ
320 3547 402 3628 καλὰ
424 3549 567 3626 γίγνεται
588 3550 716 3632 θηρατὰ
739 3553 808 3620 τοῖς
826 3547 1013 3632 ἀνθρώποις
1032 3551 1098 3637 (2).·

169 3663 326 3749 Exposita
348 3656 482 3743 polybii,
496 3658 537 3722 de
563 3656 661 3721 rebus
685 3657 872 3742 praesertim
896 3658 1036 3742 politicis
1057 3678 1098 3721 ac

128 3772 318 3836 militaribus
339 3766 513 3832 disserendi
539 3766 682 3843 ratione,
711 3765 873 3850 reliquum
901 3775 947 3829 est
972 3776 1009 3829 ut
1029 3767 1106 3830 eius.

155 3944 197 4012 (1)
226 3941 341 3995 Ocernrit
360 3941 422 3994 haee
444 3937 644 4012 Tekgrapls'ae
663 3937 799 4010 descriptio
818 3937 834 3991 Ι.
851 3938 890 4005 X,
908 3957 931 3990 e.
952 3940 987 3990 la
1003 3913 1057 4006 ατο.

153 4038 197 4106 (2)
220 4035 285 4094 lbid.
305 4055 328 4090 c.
347 4037 389 4090 47.
