2867 5017
602 328 660 391 tat

148 521 288 609 ingentia
319 521 362 583 ad
393 521 519 583 'virtutis
548 522 791 607 sapientiaeque
823 522 968 585 fructum
993 522 1117 587 emolu·

26 609 45 688 ἵ,
146 638 255 695 menta
273 626 440 714 proficisci
460 628 641 693 videantur.

186 735 286 817 Quod
307 744 536 823 autemsupra
559 736 715 811 vidimus,
740 734 796 799 ubi
815 734 857 799 de
878 737 982 799 causis
1000 735 1119 823 ageba·

146 854 217 921 tur,
249 852 286 905 ut
306 841 351 906 ad
371 862 426 907 eas
448 853 590 920 tantum,
616 864 702 929 quae
725 842 845 908 dubiae
866 854 986 919 essent,
1011 846 1115 929 expli·

26 1010 27 1043 ,
144 948 242 1013 candi
266 952 487 1015 necessitatem
508 953 750 1037 restringerent,
781 949 869 1013 idem
889 949 923 1013 in
948 950 1012 1014 bac
1033 970 1119 1037 quo·

142 1076 211 1143 que
239 1066 333 1142 parte
354 1058 594 1123 observandum
616 1068 758 1123 censent.
803 1056 918 1141 Neque
938 1057 1040 1134 enim,
1072 1058 1118 1123 sic

144 1174 431 1249 argumentantur,
468 1166 599 1229 ferimus
629 1168 841 1252 scriptorem,
876 1165 995 1251 quiin
1023 1164 1119 1231 rebus

141 1269 264 1355 opertis
291 1290 390 1358 supra
418 1273 554 1337 modurn
581 1274 787 1337 inculcandis
812 1272 959 1336 inutilem
983 1292 1118 1359 operam

139 1378 322 1453 consumit,
363 1398 472 1463 eoque
501 1380 601 1445 modo
633 1381 778 1443 taedium
812 1377 987 1443 lectoribus
1017 1381 1114 1464 parit.

139 1481 206 1547 Sed
233 1494 361 1548 tantum
383 1482 489 1562 abest,
525 1498 562 1550 ut
589 1498 714 1552 certum
738 1486 862 1573 ubique
888 1486 927 1549 sit
950 1505 990 1548 ac
1012 1487 1115 1550 mani·

140 1592 258 1655 iatum
281 1591 324 1655 de
352 1612 460 1655 rerum
486 1602 648 1678 gesturum
669 1594 814 1657 bonitate
837 1602 893 1656 aut
915 1590 1116 1677 turpitudine

139 1697 317 1776 iudicium,
343 1710 379 1763 ut
399 1709 527 1775 contra,
552 1701 635 1785 quid
652 1699 860 1764 statuendum
877 1698 930 1773 sit,
955 1696 1047 1761 haud
1067 1718 1117 1761 se-

137 1807 205 1869 mel
222 1808 290 1873 fere
307 1808 405 1893 plane
425 1810 558 1871 nescias.
584 1808 692 1871 »Cum
706 1809 793 1871 enim
810 1807 844 1870 in
863 1806 1006 1882 historia,
1031 1814 1115 1869 tam·

138 1934 272 1998 ‚quam
306 1915 342 1975 in
380 1913 529 1987 theatro,
569 1914 688 1996 primas
726 1921 834 1995 partes
876 1896 975 1974 bomo
1017 1921 1113 1997 agat,

138 2017 301 2085 ‚nomme
330 2028 438 2082 autem
468 2019 549 2083 nihil
583 2022 623 2083 sit
656 2020 699 2083 ad
728 2018 906 2082 fallendum
937 2019 1113 2096 versutius,

137 2142 266 2208 ‚saepe
296 2122 427 2187 accidat
453 2144 583 2187 necesse
604 2133 668 2199 est,
698 2134 735 2187 ut
757 2134 831 2203 aut,
861 2123 953 2208 quod
973 2124 1114 2211 liqueat,

141 2248 237 2293 ‚non
266 2229 462 2305 habeamus,
497 2241 553 2293 aut
581 2231 703 2295 iudicio
724 2218 873 2295 labamur
896 2230 981 2317 (1).'’
1023 2232 1116 2297 Unde

137 2347 294 2423 apparet,
321 2336 458 2406 arduam
478 2336 634 2421 imprimis
652 2354 719 2400 esse
739 2357 824 2413 rem,
849 2336 890 2399 de
905 2337 1000 2401 factis
1014 2337 1115 2402 histo·

140 2443 218 2506 ricis
245 2464 319 2508 vere
346 2443 510 2518 iudicare,
543 2444 671 2530 quippe
701 2465 789 2529 quae
813 2444 958 2530 requirat
987 2455 1023 2507 ut
1043 2446 1116 2531 quis

134 2552 268 2637 singula
289 2552 333 2615 ad
355 2553 503 2616 amussim
521 2553 700 2629 examinet,
734 2563 766 2616 et
783 2552 913 2617 intimos
930 2553 1117 2635 praesertim

139 2665 304 2720 scmtetur
328 2658 426 2719 aniuri
452 2656 588 2721 humani
616 2677 769 2721 recessus.
808 2656 851 2720 At
873 2654 1028 2719 credibile
1048 2677 1115 2721 non

138 2772 208 2839 cst,
233 2773 299 2826 tam
320 2773 509 2826 accuratam
527 2763 779 2849 diligentemque
798 2762 1074 2849 investigationem
1094 2784 1115 2827 a

140 2870 319 2934 lectoribus
339 2870 379 2933 iri
398 2870 592 2945 institutum,
617 2871 676 2955 qui
695 2884 763 2935 nort
783 2870 842 2933 nisi
860 2870 965 2934 obiter
981 2890 1033 2933 res
1052 2869 1114 2935 ob-

137 2999 267 3043 servare
286 2980 430 3053 soleant,
441 2998 516 3040 ‘nec
538 2986 664 3041 tantum
683 2978 717 3043 in
738 2978 776 3041 iis
796 2977 1003 3063 explorandis
1019 2975 1113 3039 labo-

136 3106 207 3149 rem
226 3090 365 3171 ponant,
389 3095 533 3171 quantus
549 3084 620 3147 iure
641 3105 661 3146 a
677 3086 834 3172 scriptore
852 3084 1044 3171 postuletur.
1071 3082 1112 3147 lli

136 3193 238 3279 igitur
263 3213 368 3275 quum
397 3202 452 3254 aut
478 3191 611 3255 omniuo
631 3212 698 3255 non
720 3193 841 3278 possint
863 3192 1023 3269 iudicare,
1055 3201 1112 3254 aut

136 3318 210 3363 non
235 3298 296 3360 nisi
316 3296 504 3361 difficillimtr
525 3318 669 3382 cumque
689 3304 809 3383 magno
830 3297 959 3361 errandi
979 3298 1110 3381 perieu-

137 3406 192 3480 lo,
223 3400 340 3488 quidni
360 3401 468 3486 potius
487 3400 553 3465 boc
581 3401 624 3465 ab
645 3402 717 3488 ipso
738 3401 891 3465 historico
911 3402 1108 3489 flagitemus,

138 3519 197 3586 ut,
233 3530 317 3595 quas
348 3529 398 3571 res
422 3508 535 3571 sedulo
565 3508 773 3594 studioseque
803 3510 1052 3575 consideraverit
1079 3520 1111 3573 et

139 3637 247 3701 aequa
271 3616 366 3677 lance
392 3614 598 3698 expenderit,
627 3615 668 3678 de
692 3616 730 3679 iis
753 3637 901 3701 quoque,
934 3617 1017 3702 quid
1044 3626 1109 3678 sta-

137 3721 295 3785 tuendum
316 3720 375 3783 sibi
396 3719 561 3799 videatur,
587 3723 703 3786 diserte
725 3724 884 3800 declaret,
911 3744 1018 3810 eoque
1037 3742 1108 3787 mo·

176 3947 219 4015 (1)
247 3946 400 4000 1de1nrua.
421 3966 446 4016 p.
465 3949 508 3998 52.

975 4036 1026 4096 9*.
