2867 5017
576 331 619 393 57

159 525 252 586 Porro
268 522 302 582 iu
323 519 438 582 eodem
456 539 593 582 excursu
615 520 811 583 aliismultis
829 521 987 584 derebus
1006 525 1078 586 cul·

123 640 209 716 patus
230 628 386 693 Timaeus.
423 626 478 688 Sic
500 627 662 693 orationes
682 627 798 704 fictae,
821 648 905 716 quas
926 631 960 692 in
981 631 1080 694 histo·

30 763 31 774 *
122 737 162 801 ria
184 734 367 818 frequenter
388 731 597 808 adhibuerat,
633 735 815 819 gravissime
834 737 1081 821 reprehendun·

30 881 31 884 κ
121 855 183 922 tur,
215 841 349 904 testibus
377 838 481 900 allatis
505 839 558 914 iis,
589 859 674 923 quas
700 841 901 906 Hennocrati
920 853 952 906 et
973 844 1080 908 Timo·

119 947 404 1022 leonti‘trihuerat,
436 967 579 1031 quarum
600 955 741 1030 utraque
762 957 794 1010 et
814 951 949 1033 puerilis
967 961 1000 1014 et
1020 951 1079 1015 ab·

119 1055 294 1119 surda-esse
316 1074 335 1115 a
356 1051 493 1136 Polybio
516 1051 778 1131 demonstratur,
802 1057 862 1141 qui
882 1057 992 1132 simul,
1016 1057 1080 1120 bae

118 1163 280 1226 ocmsione
308 1159 405 1234 data,
438 1179 531 1220 suam
560 1159 750 1224 senteutiam
776 1161 918 1246 explicat
938 1163 981 1226 de
1006 1163 1082 1228 loco

118 1291 152 1332 ac
181 1270 300 1344 modo,
338 1287 407 1352 quo
435 1265 613 1330 istiusmodi
645 1268 860 1333 concionibus
890 1269 1080 1334 historicum

117 1379 157 1441 uti
176 1385 337 1464 oporteat.
730 1461 738 1470 ²

152 1484 215 1547 Sed
232 1483 398 1548 infinitum
419 1491 465 1545 est
485 1483 594 1546 omnia
615 1505 814 1561 memorare,
835 1503 922 1569 quae
942 1483 1008 1546 boc
1028 1485 1078 1546 lo·

30 1609 31 1672 t
115 1591 210 1654 code
231 1591 363 1654 Timaeo
385 1587 610 1674 disputantur,
643 1613 750 1656 rerum
774 1593 1010 1656 narrandarum
1029 1612 1080 1654 se·

30 1705 31 1712 ’
113 1701 153 1763 rie
172 1722 234 1786 per
249 1705 410 1785 quantum
430 1699 570 1782 spatium
589 1700 776 1776 intermissa.
810 1702 857 1764 Ne
877 1702 953 1786 quis
968 1709 1078 1764 autem

112 1807 282 1882 existimet,
308 1807 440 1868 unicum
462 1806 525 1868 hoc
547 1827 613 1872 esse
635 1811 836 1893 exemplum,
862 1830 902 1872 ac
922 1809 1077 1895 singulari

110 1916 240 1978 sortasse
257 1917 292 1978 in
307 1914 471 1978 Timaeum
487 1915 648 1978 simultate
668 1916 848 1978 adductum
868 1917 963 1980 luisse
979 1916 1077 2000 Poly-

30 2069 31 2074 η
108 2020 216 2097 bium,
243 2030 279 2083 ut
301 2030 367 2085 tam
387 2019 459 2082 fuse
479 2019 520 2082 de
542 2041 583 2082 eo
603 2021 787 2099 dissereret,
813 2022 855 2085 de
874 2024 943 2086 aliis
961 2024 1078 2108 paucis

30 2149 31 2168 ³
108 2126 320 2213 scriptoribus
347 2125 405 2188 erit
432 2125 627 2203 videndum,
658 2149 727 2213 quo
747 2139 876 2215 pateat,
908 2128 1079 2214 Polybium

30 2271 31 2278 κ
109 2235 254 2298 omnium
272 2236 429 2299 rationem
444 2245 599 2298 accurate
613 2237 838 2322 exploravisse.
866 2239 912 2302 Ex
931 2258 999 2324 qua
1014 2239 1076 2301 im·

30 2393 31 2396 ¹
108 2342 237 2406 modica
259 2341 460 2428 exspatiandi
482 2342 612 2405 lieentia
633 2343 750 2406 iterum
775 2345 839 2408 boc
864 2346 952 2408 clare
972 2365 1077 2430 appa-

109 2449 204 2526 rebit,
232 2449 402 2534 Polybium
418 2468 489 2515 uon
510 2448 748 2534 imprudentem
769 2452 804 2514 in
823 2450 997 2514 seribeudo
1016 2450 1077 2514 ab·

30 2559 32 2562 ’
110 2567 235 2642 raptum
254 2557 369 2632 luisse,
393 2556 450 2619 sed
471 2565 562 2621 certo
585 2559 753 2643 proposito
774 2559 883 2644 egisse.

145 2665 248 2728 Minus
269 2665 400 2727 fortasse
423 2662 556 2738 uuerbe,
581 2663 637 2725 sed
655 2665 787 2750 copiose
802 2674 909 2729 tamen
929 2666 971 2730 de
986 2665 1074 2751 Phy-

30 2779 31 2844 ξ
108 2772 217 2836 tarcho
249 2773 398 2858 exposuit
433 2769 493 2857 (l)
548 2771 612 2850 Qui
643 2794 747 2856 quum
776 2773 873 2836 variis
901 2773 936 2834 iu
972 2772 1073 2846 locis,

107 2883 289 2963 praesertim
304 2882 339 2942 in
356 2880 430 2954 illo,
452 2879 493 2940 de
514 2898 583 2962 quo
603 2880 668 2964 agit
686 2878 860 2962 Polybius,
881 2877 967 2940 bello
982 2878 1077 2942 Cleo-

107 2989 248 3064 menico,
270 2988 455 3073 ¹complura
486 2986 684 3062 tradidisset,
715 2988 774 3062 iis,
808 3006 896 3070 quae
924 2985 966 3048 ab
993 2984 1076 3048 Ara·

30 3125 31 3148 1
107 3105 136 3157 to
151 3097 274 3180 scripta
295 3105 416 3170 emetat,
442 3085 624 3170 contraiis,
650 3113 780 3156 necesse
794 3092 853 3154 sibi
870 3092 963 3154 duxit
980 3091 1077 3176 Poly·
1113 3155 1116 3163 ,

106 3202 189 3280 bius,
215 3203 257 3283 μὴ
273 3200 464 3284 παραλιπεῖν
482 3206 640 3264 ἄσκεπτον
664 3203 755 3264 τοῦτο
773 3201 809 3262 τὸ
826 3199 938 3282 μέρος·
956 3201 1013 3264 t'ru
1032 3205 1076 3280 μὴ

105 3312 137 3372 τὸ
158 3306 280 3390 ψεῦδος
303 3309 422 3379 ἐντοῖς
448 3313 622 3390 γράμμασιν
644 3306 853 3387 ἰσοδυναμοῦν
878 3304 1076 3388 ἀπολίπηται

103 3417 179 3497 πρὸς
203 3417 262 3492 τὴν
281 3411 448 3496 alludatur.
485 3417 521 3478 In
545 3418 727 3482 universum
748 3427 857 3479 autem
873 3416 1075 3500 Phylarchus

104 3521 243 3606 plurima
269 3522 438 3606 scripserat
470 3523 534 3600 εἰκῆ
555 3527 617 3584 ’καὶ
648 3523 691 3594 ὠς
721 3521 853 3606 ἔτυχεν,
884 3523 925 3586 de
955 3524 1076 3609 quibus

106 3627 379 3692 omuibustamen
402 3631 509 3693 dicere
537 3651 605 3693 nou·
632 3631 728 3693 huius
749 3631 813 3693 loci
840 3653 904 3694 esse
924 3632 1077 3717 Polybius

109 3735 293 3812 arbitratus,
319 3739 360 3800 de
381 3739 419 3800 iis
442 3748 568 3802 tantum
579 3738 743 3824 agendum
760 3739 818 3803 sibi
829 3741 965 3826 putarit,
990 3757 1076 3823 quac

106 3901 295 3915 *nan-m

134 3963 173 4032 (1)
201 3967 229 4019 a.
249 3967 288 4030 lt,
308 3984 330 4015 ο.
350 3966 461 4016 ars-ar.
