2867 5017
803 379 846 442 BZ

339 577 397 655 τὴν
417 573 447 636 d‘
465 571 639 658 ἀγχίαλον·
672 574 727 650 τῆς
749 570 784 634 δὲ
807 568 997 650 διαθέσεως,
1022 571 1254 654 ἐνάργειάῖστι
1273 577 1311 640 τὸ

338 682 449 756 τέλος·
472 683 514 756 ὥς
529 682 608 745 ὅταν
622 678 820 764 μαχομένους
845 680 971 764 εἰσάγῃ·
1002 681 1108 760 μύθου
1129 678 1186 759 di,
1208 680 1310 763 ἡδονὴ

338 793 394 852 καὶ
424 786 591 870 ἔκπληξις·
623 789 658 852 τὸ
677 786 711 851 δὲ
735 790 844 850 πάντα
869 778 1047 865 uiduam,
1081 784 1116 848 ci>
1141 791 1310 870 πιθανὸν,

293 961 296 968 ,
337 895 406 958 οὐδ’
432 895 619 980 Ὁμηρικόν·
653 900 712 976 τὴν
737 898 797 978 γάρ
820 895 943 958 ἐκείνου
962 897 1091 976 ποίησιν
1112 893 1312 980 φιλοσόφημα

334 1007 452 1077 πάντες
473 1003 674 1086 νομίζουσιν·
699 1003 756 1089 οὐχ
773 1005 816 1078 ὥς
830 1001 1068 1087 Ἐρατοσθένης
1084 1007 1179 1084 φησὶ,
1203 1001 1310 1068 ustiu-

292 1191 294 1197 .
333 1135 403 1191 oro,
436 1115 478 1192 μὴ
511 1115 631 1197 κρίνειν
663 1113 740 1195 πρὸς
774 1115 833 1192 τὴν
867 1109 1016 1176 διάνοιαν
1050 1113 1091 1174 τὰ
1125 1115 1309 1193 ποιήματα,

333 1217 408 1300 μηδ’
432 1220 572 1304 ἱστορίαν
597 1220 654 1285 ἀπ’
673 1219 780 1284 αὐτῶν
805 1219 923 1302 ζητεῖν.

375 1325 426 1388 lta
445 1327 599 1413 Polybius
617 1350 683 1391 non
705 1338 831 1391 tantum
849 1328 913 1412 egit
932 1326 974 1389 de
993 1325 1225 1409 scriptoribus,
1239 1310 1311 1414 ¹qui

333 1433 420 1496 idem
442 1448 667 1522 argumentum
688 1443 923 1511 tractaverant,
958 1433 1052 1520 quod
1078 1433 1147 1518 ipse
1167 1434 1311 1500 habehat

333 1541 556 1619 tractandum,
581 1564 693 1607 verum
704 1542 841 1606 subinde
861 1543 895 1604 in
915 1542 1051 1604 aliorum
1062 1561 1198 1626 quoque
1214 1542 1308 1605 cesti·

332 1648 507 1710 mationem
539 1649 708 1735 divagatus
741 1659 798 1712 est.
855 1649 921 1710 Sed
957 1648 1040 1732 quid
1070 1648 1189 1734 plura?
1220 1647 1309 1712 Nihil

334 1755 419 1818 enim
440 1755 554 1818 attinet
572 1756 676 1820 varias
697 1755 868 1819 sententias
885 1756 1053 1818 cumulare
1074 1753 1116 1816 de
1133 1753 1231 1820 Fabio
1252 1754 1308 1817 Pi·

333 1872 425 1926 ctore
447 1861 518 1948 (Ι),
548 1862 590 1925 de
611 1861 738 1926 Philino
763 1861 834 1948 (2),
860 1860 902 1924 de
924 1863 1053 1926 Zenone
1077 1860 1127 1947 (3)
1157 1871 1188 1923 et
1210 1860 1308 1924 Auti-

333 1970 445 2036 sthene
469 1969 541 2056 (4),
566 1969 608 2032 de
629 1969 762 2055 Ephoro
786 1969 858 2055 (5),
884 1969 926 2032 de
946 1967 1141 2032 Callisthene
1167 1965 1236 2054 (6),
1262 1968 1306 2030 de

334 2078 404 2141 aliis
422 2077 563 2161 denique
585 2076 752 2161 permultis
766 2075 827 2162 (7),
853 2075 894 2138 de
915 2076 1039 2161 quibus
1056 2075 1125 2139 fuse
1146 2076 1303 2162 exposuit.

333 2185 438 2264 Quem
463 2185 549 2246 enim
569 2184 623 2246 ille
644 2183 870 2278 historicorum
890 2205 957 2249 non
978 2183 1152 2261 iudicavit,
1177 2184 1306 2268 quotics

331 2289 481 2356 idoneam
501 2291 707 2355 occasionem
724 2300 840 2353 nactus
858 2289 919 2355 sibi
937 2289 1126 2354 videretur?

360 2511 403 2579 (1)
430 2511 500 2574 nl,
519 2530 541 2566 c.
562 2516 613 2579 14,
631 2516 679 2580 58,
697 2515 785 2576 llll,
803 2513 866 2565 as.

359 2605 403 2674 (2)
430 2603 872 2674 n1‚e.1esq.,t.111,0„22
892 2620 954 2673 sqq:
1062 2619 1065 2624 ·

359 2695 402 2766 (3)
430 2697 457 2746 L.
473 2695 558 2764 XVI,
575 2715 597 2750 c.
617 2699 732 2750 14-21.
769 2697 906 2766 Quo-loeo
935 2704 1035 2762 narrat,
1063 2711 1089 2747 sc
1113 2693 1148 2748 ad
1176 2696 1302 2750 Zenonem

333 2788 427 2841 misisse
442 2788 587 2860 epistolam,
616 2809 666 2861 qua
684 2808 743 2844 eum
762 2789 796 2842 de
819 2789 944 2843 erroribus
961 2789 1064 2860 abipso
1086 2789 1222 2842 commissis
1240 2807 1301 2842 eer-

332 2881 422 2933 tiorem
450 2879 562 2948 lecisset,
590 2883 715 2935 Zenonem
741 2891 824 2934 autem
850 2884 919 2935 illam
939 2883 1068 2954 epistolam
1089 2881 1210 2936 benevole
1229 2901 1300 2934 acee-

332 2975 404 3044 pisse.
440 2975 472 3026 Et
490 2973 543 3045 ipse
562 2975 678 3045 Polybius
696 2977 769 3027 enixe
791 2984 877 3043 rogat,
905 2966 974 3026 idem
993 2973 1026 3026 de
1047 2992 1073 3026 se
1091 2984 1119 3025 ut
1138 2974 1197 3043 fiat,
1216 2984 1244 3027 ut
1261 2976 1298 3027 sui

331 3065 379 3116 sihi
398 3081 494 3116 errores
511 3066 692 3132 ostendantur,
711 3084 762 3136 quo
775 3068 875 3136 propius
891 3067 1065 3128 adventatem
1074 3070 1151 3138 possit
1169 3068 1298 3122 accedere.

329 3157 368 3208 cl.
378 3173 402 3206 c.
414 3157 459 3208 20.

353 3249 396 3316 (Ι)
423 3245 490 3298 lbid.

355 3342 397 3411 (5)
426 3341 496 3393 Eue.
517 3339 602 3393 Votis.
622 3359 647 3412 p.
658 3321 701 3394 '30
719 3360 772 3414 sq,
790 3360 816 3413 p.
831 3345 866 3394 45
886 3343 955 3396 alibi.

356 3437 398 3506 (6)
426 3439 454 3488 L.
472 3437 537 3502 ΧΙΙ,
557 3455 579 3487 c.
592 3437 705 3488 17-22.

356 3532 400 3601 (7)
427 3533 470 3584 Sic
492 3549 531 3583 cx.
546 3547 583 3596 gr.
603 3527 637 3579 de
653 3527 763 3580 Chaerea
780 3536 807 3577 et
820 3528 918 3593 Sosilo,
936 3527 953 3580 l.
963 3529 1018 3593 ΙΙΙ,
1036 3530 1120 3593 c203
1139 3527 1172 3580 dc
1188 3528 1297 3596 Pythea,

329 3624 499 3688 Dicaearcho,
527 3621 705 3687 Eratosthene,
734 3621 751 3672 l.
766 3622 887 3688 XXXIV,
912 3640 935 3672 c.
955 3624 972 3672 5
991 3639 1046 3692 sqq.
1083 3625 1134 3675 llos
1151 3622 1296 3690 pracsertim

327 3720 358 3770 -in
377 3715 548 3786 geographicis
565 3714 727 3785 reprehendit
745 3716 771 3766 in
792 3716 948 3784 fragmento,
970 3714 1044 3784 ‘quod
1066 3715 1172 3768 servavit
1188 3714 1296 3782 Strabo,

332 3808 485 3881 Geogropls.
505 3807 521 3859 1.
540 3809 580 3872 ΙΙ,
598 3827 623 3877 p.
639 3809 693 3860 104
712 3826 775 3878 sqq..
793 3809 884 3861 Strabo
901 3825 962 3860 vero
979 3807 1060 3878 ipsum
1070 3809 1200 3879 Polybium
1217 3811 1243 3860 iu
1257 3809 1297 3862 his

332 3903 449 3956 refutavit
464 3910 490 3954 et
505 3899 627 3967 correxit,
645 3917 726 3969 neque
741 3909 824 3952 tamen
842 3901 1023 3957 Dicaeamhtsn
1042 3912 1086 3956 aut
1105 3903 1294 3961 Eratosthenem

330 3995 452 4065 probavit,
