<?xml version="1.0" encoding="UTF-8"?>
<!DOCTYPE html PUBLIC "-//W3C//DTD XHTML 1.0 Transitional//EN"
    "http://www.w3.org/TR/xhtml1/DTD/xhtml1-transitional.dtd">
<html xmlns="http://www.w3.org/1999/xhtml" xml:lang="en" lang="en">
 <head>
  <title>
</title>
<meta http-equiv="Content-Type" content="text/html;charset=utf-8" />
  <meta name='ocr-system' content='tesseract 3.04.00' />
  <meta name='ocr-capabilities' content='ocr_page ocr_carea ocr_par ocr_line ocrx_word'/>
</head>
<body>
  <div class='ocr_page' id='page_1' title='image "./specimenliterar00vriegoog_0051.png"; bbox 0 0 2867 5017; ppageno 0'>
   <div class='ocr_carea' id='block_1_1' title="bbox 563 345 605 414">
    <p class='ocr_par' dir='ltr' id='par_1_1' title="bbox 563 345 605 414">
     <span class='ocr_line' id='line_1_1' title="bbox 563 345 605 414; baseline 0 0"><span class='ocrx_word' id='word_1_1' title='bbox 563 345 605 414; x_wconf 72' lang='lat'><strong>29</strong></span> 
     </span>
    </p>
   </div>
   <div class='ocr_carea' id='block_1_2' title="bbox 89 533 1069 2226">
    <p class='ocr_par' dir='ltr' id='par_1_2' title="bbox 95 533 1069 1456">
     <span class='ocr_line' id='line_1_2' title="bbox 97 533 1069 637; baseline 0.012 -37"><span class='ocrx_word' id='word_1_2' title='bbox 97 551 166 623; x_wconf 82' lang='lat' dir='ltr'><strong>quo</strong></span> <span class='ocrx_word' id='word_1_3' title='bbox 185 533 233 598; x_wconf 80' lang='lat' dir='ltr'><strong>nd</strong></span> <span class='ocrx_word' id='word_1_4' title='bbox 253 537 435 600; x_wconf 82' lang='lat' dir='ltr'><strong>interiorem</strong></span> <span class='ocrx_word' id='word_1_5' title='bbox 457 557 564 604; x_wconf 89' lang='lat' dir='ltr'><strong>rerum</strong></span> <span class='ocrx_word' id='word_1_6' title='bbox 581 543 831 628; x_wconf 74' lang='lat' dir='ltr'><strong>‘intelligentium</strong></span> <span class='ocrx_word' id='word_1_7' title='bbox 850 544 972 611; x_wconf 84' lang='lat' dir='ltr'><strong>adduci</strong></span> <span class='ocrx_word' id='word_1_8' title='bbox 992 569 1069 637; x_wconf 86' lang='lat' dir='ltr'><strong>pos-</strong></span> 
     </span>
     <span class='ocr_line' id='line_1_3' title="bbox 100 644 1067 730; baseline 0.017 -25"><span class='ocrx_word' id='word_1_9' title='bbox 100 645 159 706; x_wconf 85' lang='lat' dir='ltr'><strong>sint</strong></span> <span class='ocrx_word' id='word_1_10' title='bbox 181 644 328 706; x_wconf 85' lang='lat' dir='ltr'><strong>lectores.</strong></span> <span class='ocrx_word' id='word_1_11' title='bbox 359 644 450 730; x_wconf 91' lang='lat' dir='ltr'><strong>Opus</strong></span> <span class='ocrx_word' id='word_1_12' title='bbox 468 657 576 710; x_wconf 86' lang='lat' dir='ltr'><strong>eutem</strong></span> <span class='ocrx_word' id='word_1_13' title='bbox 597 667 664 712; x_wconf 90' lang='lat' dir='ltr'><strong>non</strong></span> <span class='ocrx_word' id='word_1_14' title='bbox 685 659 732 712; x_wconf 89' lang='lat' dir='ltr'><strong>est</strong></span> <span class='ocrx_word' id='word_1_15' title='bbox 750 650 944 728; x_wconf 75' lang='lat' dir='ltr'><strong>meddam,</strong></span> <span class='ocrx_word' id='word_1_16' title='bbox 969 657 1067 721; x_wconf 76' lang='lat' dir='ltr'><strong>&#39;edem</strong></span> 
     </span>
     <span class='ocr_line' id='line_1_4' title="bbox 95 749 1066 844; baseline 0.014 -33"><span class='ocrx_word' id='word_1_17' title='bbox 95 751 156 834; x_wconf 87' lang='lat' dir='ltr'><strong>qui</strong></span> <span class='ocrx_word' id='word_1_18' title='bbox 177 749 299 813; x_wconf 84' lang='lat' dir='ltr'><strong>suerint</strong></span> <span class='ocrx_word' id='word_1_19' title='bbox 319 769 428 815; x_wconf 87' lang='lat' dir='ltr'><strong>rerum</strong></span> <span class='ocrx_word' id='word_1_20' title='bbox 443 753 596 831; x_wconf 84' lang='lat' dir='ltr'><strong>effectus,</strong></span> <span class='ocrx_word' id='word_1_21' title='bbox 622 777 641 818; x_wconf 83' lang='lat' dir='ltr'>a</span> <span class='ocrx_word' id='word_1_22' title='bbox 659 756 795 840; x_wconf 84' lang='lat' dir='ltr'><strong>Polybio</strong></span> <span class='ocrx_word' id='word_1_23' title='bbox 814 756 982 844; x_wconf 76' lang='lat' dir='ltr'>diligenter</span> <span class='ocrx_word' id='word_1_24' title='bbox 1000 781 1066 825; x_wconf 82' lang='lat' dir='ltr'><strong>erse</strong></span> 
     </span>
     <span class='ocr_line' id='line_1_5' title="bbox 99 857 1063 944; baseline 0.015 -27"><span class='ocrx_word' id='word_1_25' title='bbox 99 857 287 941; x_wconf 83' lang='lat' dir='ltr'><strong>expositum.</strong></span> <span class='ocrx_word' id='word_1_26' title='bbox 333 857 417 920; x_wconf 50' lang='lat' dir='ltr'><strong>&#39;Nem</strong></span> <span class='ocrx_word' id='word_1_27' title='bbox 438 859 530 944; x_wconf 92' lang='lat' dir='ltr'><strong>quod</strong></span> <span class='ocrx_word' id='word_1_28' title='bbox 558 861 688 924; x_wconf 79' lang='lat' dir='ltr'><strong>ulterius</strong></span> <span class='ocrx_word' id='word_1_29' title='bbox 713 863 760 924; x_wconf 91' lang='lat' dir='ltr'><strong>rei</strong></span> <span class='ocrx_word' id='word_1_30' title='bbox 778 862 913 928; x_wconf 78' lang='lat' dir='ltr'><strong>elecem</strong></span> <span class='ocrx_word' id='word_1_31' title='bbox 933 877 995 943; x_wconf 87' lang='lat' dir='ltr'><strong>eet,</strong></span> <span class='ocrx_word' id='word_1_32' title='bbox 1028 869 1063 930; x_wconf 93' lang='lat' dir='ltr'><strong>id</strong></span> 
     </span>
     <span class='ocr_line' id='line_1_6' title="bbox 96 963 1062 1038; baseline 0.011 -13"><span class='ocrx_word' id='word_1_33' title='bbox 96 963 227 1026; x_wconf 63' lang='lat' dir='ltr'><strong>vulterius</strong></span> <span class='ocrx_word' id='word_1_34' title='bbox 245 973 291 1026; x_wconf 89' lang='lat' dir='ltr'><strong>est</strong></span> <span class='ocrx_word' id='word_1_35' title='bbox 313 979 423 1038; x_wconf 77' lang='lat' dir='ltr'><strong>cause,</strong></span> <span class='ocrx_word' id='word_1_36' title='bbox 449 973 481 1026; x_wconf 87' lang='lat' dir='ltr'><strong>et</strong></span> <span class='ocrx_word' id='word_1_37' title='bbox 497 965 544 1028; x_wconf 85' lang='lat' dir='ltr'><strong>ite</strong></span> <span class='ocrx_word' id='word_1_38' title='bbox 563 974 651 1029; x_wconf 83' lang='lat' dir='ltr'><strong>erote</strong></span> <span class='ocrx_word' id='word_1_39' title='bbox 668 966 752 1030; x_wconf 83' lang='lat' dir='ltr'><strong>hoec</strong></span> <span class='ocrx_word' id='word_1_40' title='bbox 770 967 838 1030; x_wconf 90' lang='lat' dir='ltr'><strong>duo</strong></span> <span class='ocrx_word' id='word_1_41' title='bbox 853 968 939 1033; x_wconf 85' lang='lat' dir='ltr'><strong>iuter</strong></span> <span class='ocrx_word' id='word_1_42' title='bbox 954 993 988 1034; x_wconf 85' lang='lat' dir='ltr'><strong>se</strong></span> <span class='ocrx_word' id='word_1_43' title='bbox 1004 993 1062 1036; x_wconf 88' lang='lat' dir='ltr'><strong>eo·</strong></span> 
     </span>
     <span class='ocr_line' id='line_1_7' title="bbox 98 1070 1061 1162; baseline 0.01 -31"><span class='ocrx_word' id='word_1_44' title='bbox 98 1071 247 1146; x_wconf 68' lang='lat' dir='ltr'><strong>haerent,</strong></span> <span class='ocrx_word' id='word_1_45' title='bbox 282 1079 318 1132; x_wconf 87' lang='lat' dir='ltr'><strong>ut</strong></span> <span class='ocrx_word' id='word_1_46' title='bbox 346 1070 483 1133; x_wconf 83' lang='lat' dir='ltr'><strong>alterum</strong></span> <span class='ocrx_word' id='word_1_47' title='bbox 507 1073 574 1136; x_wconf 86' lang='lat' dir='ltr'><strong>sine</strong></span> <span class='ocrx_word' id='word_1_48' title='bbox 601 1073 703 1136; x_wconf 77' lang='lat' dir='ltr'><strong>altero</strong></span> <span class='ocrx_word' id='word_1_49' title='bbox 736 1075 880 1160; x_wconf 77' lang='lat' dir='ltr'><strong>cogitare</strong></span> <span class='ocrx_word' id='word_1_50' title='bbox 908 1097 1061 1162; x_wconf 83' lang='lat' dir='ltr'><strong>nequem.</strong></span> 
     </span>
     <span class='ocr_line' id='line_1_8' title="bbox 95 1175 1062 1264; baseline 0.007 -23"><span class='ocrx_word' id='word_1_51' title='bbox 95 1177 157 1242; x_wconf 69' lang='lat' dir='ltr'><strong>tibi</strong></span> <span class='ocrx_word' id='word_1_52' title='bbox 178 1177 280 1264; x_wconf 82' lang='lat' dir='ltr'><strong>igitur</strong></span> <span class='ocrx_word' id='word_1_53' title='bbox 297 1175 340 1238; x_wconf 88' lang='lat' dir='ltr'><strong>de</strong></span> <span class='ocrx_word' id='word_1_54' title='bbox 357 1177 463 1240; x_wconf 75' lang='lat' dir='ltr'><strong>causis</strong></span> <span class='ocrx_word' id='word_1_55' title='bbox 480 1177 654 1263; x_wconf 75' lang='lat' dir='ltr'><strong>agebatur,</strong></span> <span class='ocrx_word' id='word_1_56' title='bbox 679 1178 786 1243; x_wconf 83' lang='lat' dir='ltr'><strong>ibide</strong></span> <span class='ocrx_word' id='word_1_57' title='bbox 806 1180 974 1247; x_wconf 80' lang='lat' dir='ltr'><strong>effectibus</strong></span> <span class='ocrx_word' id='word_1_58' title='bbox 993 1195 1062 1248; x_wconf 83' lang='lat' dir='ltr'><strong>erut</strong></span> 
     </span>
     <span class='ocr_line' id='line_1_9' title="bbox 97 1285 1061 1374; baseline 0.006 -27"><span class='ocrx_word' id='word_1_59' title='bbox 97 1305 212 1361; x_wconf 89' lang='lat' dir='ltr'><strong>sermo,</strong></span> <span class='ocrx_word' id='word_1_60' title='bbox 249 1305 312 1349; x_wconf 89' lang='lat' dir='ltr'><strong>nec</strong></span> <span class='ocrx_word' id='word_1_61' title='bbox 342 1285 519 1369; x_wconf 71' lang='lat' dir='ltr'><strong>requiritur</strong></span> <span class='ocrx_word' id='word_1_62' title='bbox 547 1297 583 1350; x_wconf 90' lang='lat' dir='ltr'><strong>ut</strong></span> <span class='ocrx_word' id='word_1_63' title='bbox 612 1285 653 1348; x_wconf 91' lang='lat' dir='ltr'><strong>de</strong></span> <span class='ocrx_word' id='word_1_64' title='bbox 682 1289 851 1372; x_wconf 81' lang='lat' dir='ltr'><strong>postremis</strong></span> <span class='ocrx_word' id='word_1_65' title='bbox 879 1298 1061 1374; x_wconf 77' lang='lat' dir='ltr'><strong>mperatum</strong></span> 
     </span>
     <span class='ocr_line' id='line_1_10' title="bbox 97 1391 624 1456; baseline 0.006 -3"><span class='ocrx_word' id='word_1_66' title='bbox 97 1391 293 1454; x_wconf 71' lang='lat' dir='ltr'><strong>mentionem</strong></span> <span class='ocrx_word' id='word_1_67' title='bbox 314 1393 481 1456; x_wconf 81' lang='lat' dir='ltr'><strong>iaciamus.</strong></span> <span class='ocrx_word' id='word_1_68' title='bbox 620 1403 624 1408; x_wconf 75' lang='grc'><strong>“</strong></span> 
     </span>
    </p>

    <p class='ocr_par' dir='ltr' id='par_1_3' title="bbox 89 1495 1064 2226">
     <span class='ocr_line' id='line_1_11' title="bbox 133 1495 1064 1587; baseline 0.009 -29"><span class='ocrx_word' id='word_1_69' title='bbox 133 1495 184 1558; x_wconf 82' lang='lat' dir='ltr'><strong>hd</strong></span> <span class='ocrx_word' id='word_1_70' title='bbox 207 1517 381 1560; x_wconf 82' lang='lat' dir='ltr'><strong>causarum</strong></span> <span class='ocrx_word' id='word_1_71' title='bbox 406 1499 655 1584; x_wconf 81' lang='lat' dir='ltr'><strong>explicationem</strong></span> <span class='ocrx_word' id='word_1_72' title='bbox 675 1500 881 1584; x_wconf 83' lang='lat' dir='ltr'><strong>aliquatenus</strong></span> <span class='ocrx_word' id='word_1_73' title='bbox 902 1502 1064 1587; x_wconf 86' lang='lat' dir='ltr'><strong>pertinere</strong></span> 
     </span>
     <span class='ocr_line' id='line_1_12' title="bbox 97 1603 1064 1689; baseline 0.008 -25"><span class='ocrx_word' id='word_1_74' title='bbox 97 1603 158 1665; x_wconf 90' lang='lat' dir='ltr'><strong>diei</strong></span> <span class='ocrx_word' id='word_1_75' title='bbox 186 1612 323 1689; x_wconf 87' lang='lat' dir='ltr'><strong>possunt</strong></span> <span class='ocrx_word' id='word_1_76' title='bbox 349 1603 508 1666; x_wconf 83' lang='lat' dir='ltr'><strong>orationes</strong></span> <span class='ocrx_word' id='word_1_77' title='bbox 537 1603 651 1681; x_wconf 82' lang='lat' dir='ltr'><strong>fictae,</strong></span> <span class='ocrx_word' id='word_1_78' title='bbox 684 1604 805 1689; x_wconf 86' lang='lat' dir='ltr'><strong>quibus</strong></span> <span class='ocrx_word' id='word_1_79' title='bbox 824 1603 879 1668; x_wconf 90' lang='lat' dir='ltr'><strong>hic</strong></span> <span class='ocrx_word' id='word_1_80' title='bbox 899 1608 966 1670; x_wconf 91' lang='lat' dir='ltr'><strong>illic</strong></span> <span class='ocrx_word' id='word_1_81' title='bbox 988 1629 1064 1672; x_wconf 83' lang='lat' dir='ltr'><strong>usus</strong></span> 
     </span>
     <span class='ocr_line' id='line_1_13' title="bbox 96 1712 1060 1800; baseline 0.004 -26"><span class='ocrx_word' id='word_1_82' title='bbox 96 1721 136 1774; x_wconf 91' lang='lat' dir='ltr'><strong>est</strong></span> <span class='ocrx_word' id='word_1_83' title='bbox 147 1712 314 1796; x_wconf 85' lang='lat' dir='ltr'><strong>Polybius.</strong></span> <span class='ocrx_word' id='word_1_84' title='bbox 336 1712 378 1776; x_wconf 54' lang='lat' dir='ltr'><strong>¹ln</strong></span> <span class='ocrx_word' id='word_1_85' title='bbox 395 1713 433 1776; x_wconf 90' lang='lat' dir='ltr'><strong>iis</strong></span> <span class='ocrx_word' id='word_1_86' title='bbox 450 1714 535 1776; x_wconf 85' lang='lat' dir='ltr'><strong>euim</strong></span> <span class='ocrx_word' id='word_1_87' title='bbox 548 1714 701 1800; x_wconf 76' lang='lat' dir='ltr'><strong>scriptori</strong></span> <span class='ocrx_word' id='word_1_88' title='bbox 712 1714 841 1799; x_wconf 75' lang='lat' dir='ltr'><strong>egregie</strong></span> <span class='ocrx_word' id='word_1_89' title='bbox 859 1713 950 1777; x_wconf 85' lang='lat' dir='ltr'><strong>adest</strong></span> <span class='ocrx_word' id='word_1_90' title='bbox 960 1734 1060 1778; x_wconf 83' lang='lat' dir='ltr'><strong>occe-</strong></span> 
     </span>
     <span class='ocr_line' id='line_1_14' title="bbox 93 1819 1062 1907; baseline 0.004 -25"><span class='ocrx_word' id='word_1_91' title='bbox 93 1819 134 1882; x_wconf 91' lang='lat' dir='ltr'><strong>sio</strong></span> <span class='ocrx_word' id='word_1_92' title='bbox 150 1819 288 1904; x_wconf 84' lang='lat' dir='ltr'><strong>eopiosa</strong></span> <span class='ocrx_word' id='word_1_93' title='bbox 303 1819 535 1904; x_wconf 82' lang='lat' dir='ltr'><strong>disceptatione</strong></span> <span class='ocrx_word' id='word_1_94' title='bbox 556 1819 764 1895; x_wconf 88' lang='lat' dir='ltr'><strong>ostendendi,</strong></span> <span class='ocrx_word' id='word_1_95' title='bbox 789 1820 883 1903; x_wconf 90' lang='lat' dir='ltr'><strong>quod</strong></span> <span class='ocrx_word' id='word_1_96' title='bbox 902 1822 1062 1907; x_wconf 84' lang='lat' dir='ltr'><strong>cuiusque</strong></span> 
     </span>
     <span class='ocr_line' id='line_1_15' title="bbox 91 1929 1057 2015; baseline 0 -25"><span class='ocrx_word' id='word_1_97' title='bbox 91 1929 132 1990; x_wconf 84' lang='lat' dir='ltr'><strong>rei</strong></span> <span class='ocrx_word' id='word_1_98' title='bbox 150 1939 267 2015; x_wconf 71' lang='lat' dir='ltr'><strong>‘gestae</strong></span> <span class='ocrx_word' id='word_1_99' title='bbox 288 1929 457 1990; x_wconf 88' lang='lat' dir='ltr'><strong>eonsilium</strong></span> <span class='ocrx_word' id='word_1_100' title='bbox 474 1929 584 2002; x_wconf 84' lang='lat' dir='ltr'><strong>luerit,</strong></span> <span class='ocrx_word' id='word_1_101' title='bbox 610 1948 696 2012; x_wconf 84' lang='lat' dir='ltr'><strong>quee</strong></span> <span class='ocrx_word' id='word_1_102' title='bbox 713 1947 815 2002; x_wconf 85' lang='lat' dir='ltr'><strong>meus,</strong></span> <span class='ocrx_word' id='word_1_103' title='bbox 840 1948 927 2012; x_wconf 85' lang='lat' dir='ltr'><strong>quee</strong></span> <span class='ocrx_word' id='word_1_104' title='bbox 949 1947 1057 1992; x_wconf 82' lang='lat' dir='ltr'><strong>ceusu.</strong></span> 
     </span>
     <span class='ocr_line' id='line_1_16' title="bbox 94 2031 1060 2117; baseline 0 -21"><span class='ocrx_word' id='word_1_105' title='bbox 94 2033 122 2096; x_wconf 88' lang='lat' dir='ltr'><strong>Si</strong></span> <span class='ocrx_word' id='word_1_106' title='bbox 135 2043 255 2096; x_wconf 85' lang='lat' dir='ltr'><strong>orator</strong></span> <span class='ocrx_word' id='word_1_107' title='bbox 282 2032 465 2108; x_wconf 88' lang='lat' dir='ltr'><strong>inducitur,</strong></span> <span class='ocrx_word' id='word_1_108' title='bbox 498 2031 557 2116; x_wconf 91' lang='lat' dir='ltr'><strong>qui</strong></span> <span class='ocrx_word' id='word_1_109' title='bbox 584 2032 710 2117; x_wconf 91' lang='lat' dir='ltr'><strong>populo</strong></span> <span class='ocrx_word' id='word_1_110' title='bbox 731 2051 801 2094; x_wconf 89' lang='lat' dir='ltr'><strong>rem</strong></span> <span class='ocrx_word' id='word_1_111' title='bbox 820 2031 964 2115; x_wconf 78' lang='lat' dir='ltr'><strong>aliquem</strong></span> <span class='ocrx_word' id='word_1_112' title='bbox 984 2051 1060 2117; x_wconf 83' lang='lat' dir='ltr'><strong>per·</strong></span> 
     </span>
     <span class='ocr_line' id='line_1_17' title="bbox 89 2136 1061 2226; baseline 0.001 -24"><span class='ocrx_word' id='word_1_113' title='bbox 89 2141 246 2215; x_wconf 82' lang='lat' dir='ltr'><strong>suadeat,</strong></span> <span class='ocrx_word' id='word_1_114' title='bbox 279 2159 318 2202; x_wconf 86' lang='lat' dir='ltr'><strong>ex</strong></span> <span class='ocrx_word' id='word_1_115' title='bbox 344 2137 523 2205; x_wconf 68' lang='lat' dir='ltr'><strong>rectioribus</strong></span> <span class='ocrx_word' id='word_1_116' title='bbox 553 2136 595 2199; x_wconf 84' lang='lat' dir='ltr'><strong>ab</strong></span> <span class='ocrx_word' id='word_1_117' title='bbox 626 2150 666 2200; x_wconf 86' lang='lat' dir='ltr'><strong>ec</strong></span> <span class='ocrx_word' id='word_1_118' title='bbox 694 2138 799 2200; x_wconf 79' lang='lat' dir='ltr'><strong>allatis</strong></span> <span class='ocrx_word' id='word_1_119' title='bbox 825 2159 943 2202; x_wconf 78' lang='lat' dir='ltr'><strong>censue</strong></span> <span class='ocrx_word' id='word_1_120' title='bbox 964 2160 1061 2226; x_wconf 88' lang='lat' dir='ltr'><strong>seepe</strong></span> 
     </span>
    </p>
   </div>
   <div class='ocr_carea' id='block_1_3' title="bbox 15 2243 1058 2545">
    <p class='ocr_par' dir='ltr' id='par_1_4' title="bbox 15 2243 1058 2545">
     <span class='ocr_line' id='line_1_18' title="bbox 15 2243 1058 2334; baseline -0.001 -23"><span class='ocrx_word' id='word_1_121' title='bbox 15 2261 17 2270; x_wconf 67' lang='lat'>‘</span> <span class='ocrx_word' id='word_1_122' title='bbox 88 2247 350 2334; x_wconf 81' lang='lat' dir='ltr'><strong>cognoscuntur,</strong></span> <span class='ocrx_word' id='word_1_123' title='bbox 376 2245 496 2330; x_wconf 88' lang='lat' dir='ltr'><strong>quibus</strong></span> <span class='ocrx_word' id='word_1_124' title='bbox 517 2243 668 2308; x_wconf 84' lang='lat' dir='ltr'><strong>effectum</strong></span> <span class='ocrx_word' id='word_1_125' title='bbox 685 2255 737 2308; x_wconf 85' lang='lat' dir='ltr'><strong>est</strong></span> <span class='ocrx_word' id='word_1_126' title='bbox 760 2255 796 2309; x_wconf 94' lang='lat' dir='ltr'><strong>ut</strong></span> <span class='ocrx_word' id='word_1_127' title='bbox 817 2267 856 2310; x_wconf 84' lang='lat' dir='ltr'><strong>ee</strong></span> <span class='ocrx_word' id='word_1_128' title='bbox 874 2267 927 2309; x_wconf 87' lang='lat' dir='ltr'><strong>res</strong></span> <span class='ocrx_word' id='word_1_129' title='bbox 944 2247 1058 2310; x_wconf 88' lang='lat' dir='ltr'><strong>decre-</strong></span> 
     </span>
     <span class='ocr_line' id='line_1_19' title="bbox 15 2354 1058 2440; baseline -0.002 -20"><span class='ocrx_word' id='word_1_130' title='bbox 15 2369 16 2376; x_wconf 76' lang='grc'>’</span> <span class='ocrx_word' id='word_1_131' title='bbox 92 2368 120 2420; x_wconf 82' lang='lat' dir='ltr'><strong>te</strong></span> <span class='ocrx_word' id='word_1_132' title='bbox 139 2367 170 2420; x_wconf 92' lang='lat' dir='ltr'><strong>et</strong></span> <span class='ocrx_word' id='word_1_133' title='bbox 194 2367 270 2419; x_wconf 83' lang='lat' dir='ltr'><strong>aete</strong></span> <span class='ocrx_word' id='word_1_134' title='bbox 292 2356 341 2418; x_wconf 88' lang='lat' dir='ltr'><strong>sil.</strong></span> <span class='ocrx_word' id='word_1_135' title='bbox 368 2355 408 2418; x_wconf 84' lang='lat' dir='ltr'><strong>&#39;Si</strong></span> <span class='ocrx_word' id='word_1_136' title='bbox 428 2354 625 2419; x_wconf 79' lang='lat' dir='ltr'><strong>diversorum</strong></span> <span class='ocrx_word' id='word_1_137' title='bbox 645 2354 786 2440; x_wconf 83' lang='lat' dir='ltr'><strong>partium</strong></span> <span class='ocrx_word' id='word_1_138' title='bbox 807 2355 931 2439; x_wconf 82' lang='lat' dir='ltr'><strong>legatos</strong></span> <span class='ocrx_word' id='word_1_139' title='bbox 946 2374 1058 2419; x_wconf 81' lang='lat' dir='ltr'><strong>coram</strong></span> 
     </span>
     <span class='ocr_line' id='line_1_20' title="bbox 15 2459 1058 2545; baseline -0.002 -17"><span class='ocrx_word' id='word_1_140' title='bbox 15 2503 16 2528; x_wconf 45' lang='lat' dir='ltr'><strong>r</strong></span> <span class='ocrx_word' id='word_1_141' title='bbox 92 2473 197 2526; x_wconf 83' lang='lat' dir='ltr'><strong>senatu</strong></span> <span class='ocrx_word' id='word_1_142' title='bbox 223 2461 265 2524; x_wconf 92' lang='lat' dir='ltr'><strong>de</strong></span> <span class='ocrx_word' id='word_1_143' title='bbox 290 2463 361 2525; x_wconf 89' lang='lat' dir='ltr'><strong>iure</strong></span> <span class='ocrx_word' id='word_1_144' title='bbox 382 2471 540 2525; x_wconf 81' lang='lat' dir='ltr'><strong>certantes</strong></span> <span class='ocrx_word' id='word_1_145' title='bbox 560 2461 713 2545; x_wconf 88' lang='lat' dir='ltr'><strong>Polybius</strong></span> <span class='ocrx_word' id='word_1_146' title='bbox 735 2459 881 2537; x_wconf 83' lang='lat' dir='ltr'><strong>exhibet,</strong></span> <span class='ocrx_word' id='word_1_147' title='bbox 906 2462 990 2545; x_wconf 92' lang='lat' dir='ltr'><strong>quid</strong></span> <span class='ocrx_word' id='word_1_148' title='bbox 1009 2463 1058 2526; x_wconf 82' lang='lat' dir='ltr'><strong>ef·</strong></span> 
     </span>
    </p>
   </div>
   <div class='ocr_carea' id='block_1_4' title="bbox 87 2567 1055 2870">
    <p class='ocr_par' dir='ltr' id='par_1_5' title="bbox 87 2567 1055 2870">
     <span class='ocr_line' id='line_1_21' title="bbox 87 2567 1055 2655; baseline 0.005 -24"><span class='ocrx_word' id='word_1_149' title='bbox 87 2569 224 2633; x_wconf 78' lang='lat' dir='ltr'><strong>·fioaeius</strong></span> <span class='ocrx_word' id='word_1_150' title='bbox 239 2567 281 2631; x_wconf 83' lang='lat' dir='ltr'><strong>ed</strong></span> <span class='ocrx_word' id='word_1_151' title='bbox 302 2569 463 2632; x_wconf 81' lang='lat' dir='ltr'><strong>contrarie</strong></span> <span class='ocrx_word' id='word_1_152' title='bbox 486 2568 742 2633; x_wconf 79' lang='lat' dir='ltr'><strong>adversariorum</strong></span> <span class='ocrx_word' id='word_1_153' title='bbox 761 2568 868 2632; x_wconf 84' lang='lat' dir='ltr'><strong>studia</strong></span> <span class='ocrx_word' id='word_1_154' title='bbox 887 2570 1055 2655; x_wconf 80' lang='lat' dir='ltr'><strong>explicen-</strong></span> 
     </span>
     <span class='ocr_line' id='line_1_22' title="bbox 91 2676 1053 2762; baseline 0.002 -23"><span class='ocrx_word' id='word_1_155' title='bbox 91 2677 148 2752; x_wconf 84' lang='lat' dir='ltr'><strong>de,</strong></span> <span class='ocrx_word' id='word_1_156' title='bbox 176 2676 260 2762; x_wconf 87' lang='lat' dir='ltr'><strong>quid</strong></span> <span class='ocrx_word' id='word_1_157' title='bbox 280 2676 482 2740; x_wconf 85' lang='lat' dir='ltr'><strong>commodius</strong></span> <span class='ocrx_word' id='word_1_158' title='bbox 501 2676 545 2739; x_wconf 83' lang='lat' dir='ltr'><strong>ed</strong></span> <span class='ocrx_word' id='word_1_159' title='bbox 566 2677 786 2740; x_wconf 83' lang='lat' dir='ltr'><strong>disserendum</strong></span> <span class='ocrx_word' id='word_1_160' title='bbox 806 2676 906 2740; x_wconf 81' lang='lat' dir='ltr'><strong>bbere</strong></span> <span class='ocrx_word' id='word_1_161' title='bbox 930 2678 973 2741; x_wconf 90' lang='lat' dir='ltr'><strong>de</strong></span> <span class='ocrx_word' id='word_1_162' title='bbox 997 2698 1053 2740; x_wconf 91' lang='lat' dir='ltr'><strong>eo-</strong></span> 
     </span>
     <span class='ocr_line' id='line_1_23' title="bbox 90 2783 1052 2870; baseline 0.001 -24"><span class='ocrx_word' id='word_1_163' title='bbox 90 2801 157 2846; x_wconf 81' lang='lat' dir='ltr'><strong>rum</strong></span> <span class='ocrx_word' id='word_1_164' title='bbox 174 2783 362 2870; x_wconf 83' lang='lat' dir='ltr'><strong>principiis,</strong></span> <span class='ocrx_word' id='word_1_165' title='bbox 382 2783 488 2846; x_wconf 81' lang='lat' dir='ltr'><strong>causis</strong></span> <span class='ocrx_word' id='word_1_166' title='bbox 507 2793 539 2846; x_wconf 89' lang='lat' dir='ltr'><strong>et</strong></span> <span class='ocrx_word' id='word_1_167' title='bbox 556 2784 746 2847; x_wconf 82' lang='lat' dir='ltr'><strong>effectibus?</strong></span> <span class='ocrx_word' id='word_1_168' title='bbox 767 2784 916 2846; x_wconf 87' lang='lat' dir='ltr'><strong>Eumenis</strong></span> <span class='ocrx_word' id='word_1_169' title='bbox 931 2787 1052 2848; x_wconf 79' lang='lat' dir='ltr'><strong>oratio·</strong></span> 
     </span>
    </p>
   </div>
   <div class='ocr_carea' id='block_1_5' title="bbox 15 2890 1053 3086">
    <p class='ocr_par' dir='ltr' id='par_1_6' title="bbox 15 2890 1053 3086">
     <span class='ocr_line' id='line_1_24' title="bbox 15 2890 1053 2970; baseline 0 -16"><span class='ocrx_word' id='word_1_170' title='bbox 15 2939 16 2970; x_wconf 53' lang='lat'>3</span> <span class='ocrx_word' id='word_1_171' title='bbox 90 2912 172 2968; x_wconf 88' lang='lat' dir='ltr'><strong>uem,</strong></span> <span class='ocrx_word' id='word_1_172' title='bbox 202 2901 241 2953; x_wconf 90' lang='lat' dir='ltr'><strong>ut</strong></span> <span class='ocrx_word' id='word_1_173' title='bbox 261 2890 324 2953; x_wconf 84' lang='lat' dir='ltr'><strong>heo</strong></span> <span class='ocrx_word' id='word_1_174' title='bbox 347 2899 426 2952; x_wconf 88' lang='lat' dir='ltr'><strong>teste</strong></span> <span class='ocrx_word' id='word_1_175' title='bbox 447 2900 537 2967; x_wconf 83' lang='lat' dir='ltr'><strong>utar,</strong></span> <span class='ocrx_word' id='word_1_176' title='bbox 564 2891 607 2953; x_wconf 81' lang='lat' dir='ltr'><strong>ad</strong></span> <span class='ocrx_word' id='word_1_177' title='bbox 628 2890 876 2954; x_wconf 83' lang='lat' dir='ltr'><strong>dissuadendam</strong></span> <span class='ocrx_word' id='word_1_178' title='bbox 895 2891 1053 2954; x_wconf 77' lang='lat' dir='ltr'><strong>Romanis</strong></span> 
     </span>
     <span class='ocr_line' id='line_1_25' title="bbox 15 2996 1051 3086; baseline 0 -24"><span class='ocrx_word' id='word_1_179' title='bbox 15 3013 16 3018; x_wconf 75' lang='grc'>’</span> <span class='ocrx_word' id='word_1_180' title='bbox 90 3021 202 3086; x_wconf 85' lang='lat' dir='ltr'><strong>pacem</strong></span> <span class='ocrx_word' id='word_1_181' title='bbox 224 3019 300 3062; x_wconf 89' lang='lat' dir='ltr'><strong>eum</strong></span> <span class='ocrx_word' id='word_1_182' title='bbox 310 2998 473 3063; x_wconf 83' lang='lat' dir='ltr'><strong>Antiocho</strong></span> <span class='ocrx_word' id='word_1_183' title='bbox 492 3000 651 3078; x_wconf 81' lang='lat' dir='ltr'><strong>habitem,</strong></span> <span class='ocrx_word' id='word_1_184' title='bbox 672 3002 875 3086; x_wconf 87' lang='lat' dir='ltr'><strong>quicumque</strong></span> <span class='ocrx_word' id='word_1_185' title='bbox 891 2996 957 3060; x_wconf 91' lang='lat' dir='ltr'><strong>hoc</strong></span> <span class='ocrx_word' id='word_1_186' title='bbox 972 3017 1051 3062; x_wconf 87' lang='lat' dir='ltr'><strong>con·</strong></span> 
     </span>
    </p>
   </div>
   <div class='ocr_carea' id='block_1_6' title="bbox 89 3103 1053 3192">
    <p class='ocr_par' dir='ltr' id='par_1_7' title="bbox 89 3103 1053 3192">
     <span class='ocr_line' id='line_1_26' title="bbox 89 3103 1053 3192; baseline -0.001 -25"><span class='ocrx_word' id='word_1_187' title='bbox 89 3106 152 3169; x_wconf 87' lang='lat' dir='ltr'><strong>silio</strong></span> <span class='ocrx_word' id='word_1_188' title='bbox 177 3107 310 3192; x_wconf 81' lang='lat' dir='ltr'><strong>legerit,</strong></span> <span class='ocrx_word' id='word_1_189' title='bbox 346 3125 407 3170; x_wconf 88' lang='lat' dir='ltr'><strong>nae</strong></span> <span class='ocrx_word' id='word_1_190' title='bbox 436 3106 490 3169; x_wconf 91' lang='lat' dir='ltr'><strong>ille</strong></span> <span class='ocrx_word' id='word_1_191' title='bbox 517 3127 632 3170; x_wconf 83' lang='lat' dir='ltr'><strong>causes</strong></span> <span class='ocrx_word' id='word_1_192' title='bbox 661 3116 770 3183; x_wconf 88' lang='lat' dir='ltr'><strong>tenet,</strong></span> <span class='ocrx_word' id='word_1_193' title='bbox 812 3127 873 3170; x_wconf 90' lang='lat' dir='ltr'><strong>eur</strong></span> <span class='ocrx_word' id='word_1_194' title='bbox 900 3103 1053 3167; x_wconf 80' lang='lat' dir='ltr'><strong>Antiochi</strong></span> 
     </span>
    </p>
   </div>
   <div class='ocr_carea' id='block_1_7' title="bbox 15 3205 1051 3403">
    <p class='ocr_par' dir='ltr' id='par_1_8' title="bbox 15 3205 1051 3403">
     <span class='ocr_line' id='line_1_27' title="bbox 15 3205 1051 3308; baseline 0.003 -36"><span class='ocrx_word' id='word_1_195' title='bbox 15 3267 16 3308; x_wconf 59' lang='lat'>3</span> <span class='ocrx_word' id='word_1_196' title='bbox 86 3231 171 3296; x_wconf 84' lang='lat' dir='ltr'><strong>spem</strong></span> <span class='ocrx_word' id='word_1_197' title='bbox 201 3212 343 3275; x_wconf 82' lang='lat' dir='ltr'><strong>Romani</strong></span> <span class='ocrx_word' id='word_1_198' title='bbox 374 3205 543 3274; x_wconf 81' lang='lat' dir='ltr'><strong>fefellerint</strong></span> <span class='ocrx_word' id='word_1_199' title='bbox 574 3209 769 3297; x_wconf 82' lang='lat' dir='ltr'><strong>(1).1dem</strong></span> <span class='ocrx_word' id='word_1_200' title='bbox 795 3212 920 3276; x_wconf 85' lang='lat' dir='ltr'><strong>dietum</strong></span> <span class='ocrx_word' id='word_1_201' title='bbox 943 3211 983 3274; x_wconf 83' lang='lat' dir='ltr'><strong>eit</strong></span> <span class='ocrx_word' id='word_1_202' title='bbox 1008 3211 1051 3275; x_wconf 91' lang='lat' dir='ltr'><strong>de</strong></span> 
     </span>
     <span class='ocr_line' id='line_1_28' title="bbox 88 3315 1046 3403; baseline 0.001 -26"><span class='ocrx_word' id='word_1_203' title='bbox 88 3317 235 3380; x_wconf 89' lang='lat' dir='ltr'><strong>omnibus</strong></span> <span class='ocrx_word' id='word_1_204' title='bbox 255 3315 315 3380; x_wconf 92' lang='lat' dir='ltr'><strong>illis</strong></span> <span class='ocrx_word' id='word_1_205' title='bbox 335 3317 550 3393; x_wconf 84' lang='lat' dir='ltr'><strong>orationibus,</strong></span> <span class='ocrx_word' id='word_1_206' title='bbox 578 3319 613 3380; x_wconf 91' lang='lat' dir='ltr'><strong>in</strong></span> <span class='ocrx_word' id='word_1_207' title='bbox 633 3317 754 3403; x_wconf 91' lang='lat' dir='ltr'><strong>quibus</strong></span> <span class='ocrx_word' id='word_1_208' title='bbox 772 3317 943 3390; x_wconf 89' lang='lat' dir='ltr'><strong>historico,</strong></span> <span class='ocrx_word' id='word_1_209' title='bbox 967 3318 1046 3399; x_wconf 91' lang='lat' dir='ltr'><strong>qui,</strong></span> 
     </span>
    </p>
   </div>
   <div class='ocr_carea' id='block_1_8' title="bbox 90 3421 1047 3510">
    <p class='ocr_par' dir='ltr' id='par_1_9' title="bbox 90 3421 1047 3510">
     <span class='ocr_line' id='line_1_29' title="bbox 90 3421 1047 3510; baseline -0.003 -26"><span class='ocrx_word' id='word_1_210' title='bbox 90 3423 167 3506; x_wconf 90' lang='lat' dir='ltr'><strong>quid</strong></span> <span class='ocrx_word' id='word_1_211' title='bbox 193 3424 263 3510; x_wconf 91' lang='lat' dir='ltr'><strong>ipse</strong></span> <span class='ocrx_word' id='word_1_212' title='bbox 289 3422 330 3486; x_wconf 93' lang='lat' dir='ltr'><strong>de</strong></span> <span class='ocrx_word' id='word_1_213' title='bbox 351 3424 510 3508; x_wconf 86' lang='lat' dir='ltr'><strong>cuiusque</strong></span> <span class='ocrx_word' id='word_1_214' title='bbox 530 3423 577 3486; x_wconf 90' lang='lat' dir='ltr'><strong>rei</strong></span> <span class='ocrx_word' id='word_1_215' title='bbox 599 3423 722 3510; x_wconf 85' lang='lat' dir='ltr'><strong>origine</strong></span> <span class='ocrx_word' id='word_1_216' title='bbox 743 3432 775 3484; x_wconf 91' lang='lat' dir='ltr'><strong>et</strong></span> <span class='ocrx_word' id='word_1_217' title='bbox 795 3441 893 3485; x_wconf 85' lang='lat' dir='ltr'><strong>eausa</strong></span> <span class='ocrx_word' id='word_1_218' title='bbox 915 3421 1047 3496; x_wconf 82' lang='lat' dir='ltr'><strong>sentiet,</strong></span> 
     </span>
    </p>
   </div>
   <div class='ocr_carea' id='block_1_9' title="bbox 15 3523 1048 3722">
    <p class='ocr_par' dir='ltr' id='par_1_10' title="bbox 15 3523 1048 3722">
     <span class='ocr_line' id='line_1_30' title="bbox 15 3523 1044 3618; baseline -0.003 -29"><span class='ocrx_word' id='word_1_219' title='bbox 15 3545 16 3618; x_wconf 38' lang='lat' dir='ltr'><strong>q</strong></span> <span class='ocrx_word' id='word_1_220' title='bbox 91 3546 246 3612; x_wconf 85' lang='lat' dir='ltr'><strong>exponere</strong></span> <span class='ocrx_word' id='word_1_221' title='bbox 266 3529 360 3606; x_wconf 86' lang='lat' dir='ltr'><strong>velit,</strong></span> <span class='ocrx_word' id='word_1_222' title='bbox 385 3529 553 3610; x_wconf 75' lang='lat' dir='ltr'><strong>latissimus</strong></span> <span class='ocrx_word' id='word_1_223' title='bbox 568 3536 675 3613; x_wconf 85' lang='lat' dir='ltr'><strong>patet,</strong></span> <span class='ocrx_word' id='word_1_224' title='bbox 699 3527 735 3590; x_wconf 92' lang='lat' dir='ltr'><strong>in</strong></span> <span class='ocrx_word' id='word_1_225' title='bbox 752 3546 821 3611; x_wconf 92' lang='lat' dir='ltr'><strong>quo</strong></span> <span class='ocrx_word' id='word_1_226' title='bbox 836 3523 1044 3616; x_wconf 84' lang='lat' dir='ltr'><strong>exspatietur,</strong></span> 
     </span>
     <span class='ocr_line' id='line_1_31' title="bbox 15 3621 1048 3722; baseline 0 -25"><span class='ocrx_word' id='word_1_227' title='bbox 15 3621 17 3656; x_wconf 63' lang='lat'><em>&#39;</em></span> <span class='ocrx_word' id='word_1_228' title='bbox 89 3649 226 3719; x_wconf 79' lang='lat' dir='ltr'><strong>campus.</strong></span> <span class='ocrx_word' id='word_1_229' title='bbox 260 3637 467 3722; x_wconf 85' lang='lat' dir='ltr'><strong>Quemquam</strong></span> <span class='ocrx_word' id='word_1_230' title='bbox 486 3635 685 3702; x_wconf 87' lang='lat' dir='ltr'><strong>monendum</strong></span> <span class='ocrx_word' id='word_1_231' title='bbox 704 3644 767 3710; x_wconf 90' lang='lat' dir='ltr'><strong>est,</strong></span> <span class='ocrx_word' id='word_1_232' title='bbox 791 3631 963 3717; x_wconf 84' lang='lat' dir='ltr'><strong>Polybium</strong></span> <span class='ocrx_word' id='word_1_233' title='bbox 981 3653 1048 3698; x_wconf 89' lang='lat' dir='ltr'><strong>nou</strong></span> 
     </span>
    </p>
   </div>
   <div class='ocr_carea' id='block_1_10' title="bbox 83 3825 260 3845">
    <p class='ocr_par' dir='ltr' id='par_1_11' title="bbox 83 3825 260 3845">
     <span class='ocr_line' id='line_1_32' title="bbox 83 3825 260 3845; baseline 0 0"><span class='ocrx_word' id='word_1_234' title='bbox 83 3825 260 3845; x_wconf 35' lang='lat'><strong>¹¹5—-</strong></span> 
     </span>
    </p>
   </div>
   <div class='ocr_carea' id='block_1_11' title="bbox 15 3936 802 4008">
    <p class='ocr_par' dir='ltr' id='par_1_12' title="bbox 15 3936 802 4008">
     <span class='ocr_line' id='line_1_33' title="bbox 15 3936 802 4008; baseline 0.005 -16"><span class='ocrx_word' id='word_1_235' title='bbox 15 3961 16 3992; x_wconf 83' lang='lat'>1</span> <span class='ocrx_word' id='word_1_236' title='bbox 114 3936 153 4006; x_wconf 87' lang='lat'><strong>(1)</strong></span> <span class='ocrx_word' id='word_1_237' title='bbox 181 3941 282 4008; x_wconf 75' lang='lat' dir='ltr'><strong>Legitur</strong></span> <span class='ocrx_word' id='word_1_238' title='bbox 302 3942 364 3996; x_wconf 80' lang='lat' dir='ltr'><strong>haec</strong></span> <span class='ocrx_word' id='word_1_239' title='bbox 379 3943 495 3997; x_wconf 84' lang='lat' dir='ltr'><strong>Emneuis</strong></span> <span class='ocrx_word' id='word_1_240' title='bbox 513 3943 592 3994; x_wconf 80' lang='lat' dir='ltr'><strong>oratio</strong></span> <span class='ocrx_word' id='word_1_241' title='bbox 609 3943 624 3999; x_wconf 89' lang='grc' dir='ltr'><strong>Ι.</strong></span> <span class='ocrx_word' id='word_1_242' title='bbox 644 3943 718 4008; x_wconf 80' lang='lat' dir='ltr'><strong>XXI,</strong></span> <span class='ocrx_word' id='word_1_243' title='bbox 737 3961 760 3993; x_wconf 87' lang='lat' dir='ltr'><strong>c.</strong></span> <span class='ocrx_word' id='word_1_244' title='bbox 777 3945 802 3997; x_wconf 87' lang='lat'><strong>8.</strong></span> 
     </span>
    </p>
   </div>
   <div class='ocr_carea' id='block_1_12' title="bbox 0 0 1438 5017">
    <p class='ocr_par' dir='ltr' id='par_1_13' title="bbox 0 0 1438 5017">
     <span class='ocr_line' id='line_1_34' title="bbox 0 0 1438 5017; baseline 0 2"><span class='ocrx_word' id='word_1_245' title='bbox 0 0 1438 5017; x_wconf 95' lang='lat' dir='ltr'><strong> </strong></span> 
     </span>
    </p>
   </div>
  </div>
 </body>
</html>
