2867 5017
592 386 653 453 127

132 594 272 672 porturre
295 578 485 665 abrumpet,
511 596 621 663 neque
640 580 806 667 cogitandi
824 583 990 647 materiem
1007 586 1109 653 lecto-

132 692 221 755 ribus
239 688 365 775 eripiet.
412 686 506 751 Unde
529 686 600 751 tora
620 688 816 775 praevideo,
841 700 879 753 ut
904 701 937 755 et
956 706 1057 760 caute
1074 710 1107 763 et

15 775 16 796 ¹
134 806 288 863 accurate
313 794 412 858 lectio
431 793 637 872 instituatur,
663 804 767 881 utque
784 796 910 883 cingilla
930 802 1109 886 prudenter

130 904 337 970 uousidmata
359 900 402 965 ad
422 900 490 965 veri
510 918 659 963 normam
678 902 867 988 exigantur,
892 906 1040 989 quodad
1055 930 1107 974 sa·

132 1013 273 1099 pientiae
291 1010 435 1073 fruetrnn
458 1006 549 1069 haud
568 1006 735 1070 mediocre
755 1008 853 1071 luent
873 1009 1105 1079 adiumeuttm.

175 1118 222 1182 Ne
253 1127 363 1181 autern
390 1116 473 1179 haec
495 1116 603 1179 omnia
625 1115 778 1180 disserere
798 1117 930 1195 ridear,
962 1123 1106 1207 specim

134 1228 285 1314 quidem,
328 1224 385 1287 sed
421 1242 509 1308 quae
550 1242 665 1309 reapse
697 1225 880 1311 perpetrari
919 1242 1102 1313 nequeant,

15 1319 16 1408 Ῠ
134 1346 229 1399 testes
244 1332 424 1420 appellasse
440 1328 660 1407 Herodotum,
685 1340 743 1394 ant
763 1330 988 1416 Thucydidem
998 1337 1106 1423 potius

15 1503 16 1516 ,
133 1453 166 1507 et
181 1439 432 1527 Xenophontem
455 1437 615 1515 sufficiat,
648 1458 790 1524 quonun
812 1439 922 1504 nullus
944 1440 979 1504 in
999 1460 1107 1507 renim

15 1543 16 1554 ’
128 1549 238 1613 causis
265 1545 390 1609 diserte
416 1542 619 1631 explicandis
650 1544 796 1609 deditam
820 1546 929 1631 poterit
958 1567 1105 1634 operam.

128 1657 186 1720 lin
204 1653 303 1742 igitur
322 1654 358 1717 in
379 1672 494 1720 eoram
512 1652 603 1716 libris
623 1672 740 1717 musae
766 1663 867 1739 atque
892 1663 1023 1719 eventus
1046 1655 1106 1719 rni-

131 1786 194 1829 nua
216 1763 444 1847 intelliguntur
463 1778 566 1844 quam
585 1759 677 1846 apud
697 1757 895 1843 Polybium?
925 1761 977 1825 An
1000 1782 1108 1831 rerum

130 1881 294 1958 gadarum
307 1866 493 1955 principia,
515 1874 655 1942 natura,
680 1864 814 1929 allectus
829 1867 935 1931 minus
955 1866 1002 1931 ibi
1021 1870 1108 1933 clare

15 2055 16 2058 Ἴ
129 1976 323 2065 apparent?
361 1974 413 2036 hn
440 1973 603 2058 agentium
630 1971 739 2036 studia
768 1992 808 2037 ac
838 1973 973 2036 consilia
1000 1976 1106 2039 miuus

15 2171 16 2180 ἵ
127 2086 217 2149 bene
241 2079 503 2168 perspiciuntur?
535 2078 636 2160 Quod
660 2080 803 2143 sinemo
824 2080 920 2144 facile
942 2082 1103 2148 affirmare

124 2191 280 2267 audebit,
303 2179 388 2252 illud
404 2187 567 2253 uidentes
583 2187 670 2253 effici
688 2208 820 2265 cuneo,
844 2210 899 2266 ea,
924 2210 1011 2275 quae
1031 2207 1102 2257 mo·
1200 2266 1202 2273 ¹

127 2303 174 2367 do
199 2311 274 2365 aaut
293 2298 480 2383 disputata,
507 2294 686 2382 splendidis
706 2297 861 2382 exemplis
881 2297 1099 2384 comprobari.

168 2623 277 2684 Altera
298 2631 330 2683 et
351 2620 532 2707 praecipua
560 2618 712 2683 historiae
733 2622 954 2707 pragmaticae
974 2642 1051 2707 pars
1068 2625 1100 2687 in

123 2750 169 2793 eo
185 2737 346 2804 versatur,
366 2737 403 2790 nt
421 2728 563 2813 scriptor
576 2728 645 2812 ipse
659 2727 703 2790 de
717 2746 929 2813 quacumque
946 2748 984 2789 re
1000 2738 1098 2813 gesta,

125 2848 296 2921 tmquam
314 2833 414 2898 iudex
435 2844 493 2897 aut
510 2851 642 2910 causor,
667 2835 859 2897 senten-tiam
877 2854 968 2897 suam
986 2833 1096 2897 decla-

123 2955 195 3020 ret,
229 2964 269 3007 ac
289 2943 373 3027 quid
390 2942 474 3009 bene
495 2954 607 3007 aotmn
627 2943 689 3007 a'hi
706 2944 871 3021 rideatur,
898 2940 980 3029 quid
994 2941 1093 3017 male,

124 3047 212 3135 quid
232 3049 409 3133 sapienter,
443 3050 526 3134 quid
547 3052 700 3126 incaute,
735 3051 911 3127 diiudicet,
947 3046 1095 3124 atinde,

15 3211 16 3240 ,
124 3157 209 3243 quid
229 3158 422 3221 imitandum
442 3159 502 3235 sit,
528 3169 707 3244 appareat,
733 3160 815 3246 qnid
833 3158 1033 3247 fugiendum.
1060 3156 1099 3221 Et

126 3263 191 3327 hoo
211 3265 310 3327 etiam
337 3265 372 3328 in
401 3265 534 3328 historia
563 3264 816 3353 philosophandi
837 3268 1018 3347 institution
1046 3266 1099 3328 alii

15 3361 16 3370 ¹
124 3370 245 3433 aether
261 3370 545 3457 improbaverunt,
571 3372 626 3435 alii
642 3381 772 3437 shenue
793 3372 1016 3433 defenderunt.
1048 3372 1099 3432 llli

15 3537 16 3574 ,
125 3477 208 3539 ellim
227 3478 424 3545 iuvasionem
449 3483 483 3544 in
512 3482 652 3546 alienam
672 3482 902 3570 possessionem
922 3498 987 3543 esse
1012 3495 1095 3563 que-

122 3594 258 3661 rantur,
283 3585 472 3652 historicaan
491 3600 599 3654 autem
625 3612 683 3655 aaa
705 3591 806 3677 ipsios
823 3586 995 3673 disciplina
1014 3604 1093 3649 con-

123 3702 246 3757 tentum
268 3712 336 3756 ease
357 3706 518 3780 oportere.
564 3698 606 3760 lli
627 3707 763 3773 contra,
788 3696 875 3761 hano
903 3714 970 3759 esse
995 3696 1095 3759 histo-
1127 3776 1134 3785 .
1230 3708 1237 3727 '

119 3798 187 3860 riae
205 3798 502 3886 philosophiaeque
522 3804 751 3888 cognationem
780 3802 961 3880 affirmant,
988 3815 1024 3867 ut
1041 3802 1091 3867 al·

117 3905 177 3966 teri
196 3906 327 3969 altwino
344 3924 517 3992 personam
537 3906 701 3969 irrterdrm
721 3907 856 3971 induere
880 3908 1005 3992 optimo
1023 3908 1092 3967 inre

15 4055 16 4070 ,
118 4010 235 4088 liceat,
259 4015 401 4100 ipsaque
427 4015 511 4076 adso
539 4012 670 4076 historia
699 4014 906 4101 philosophia
930 4012 1091 4111 quaedam
