2867 5017
578 341 638 406 137

19 600 20 625 ,
126 549 189 613 hoe
208 565 277 612 non
300 559 366 606 esse
385 537 519 602 noxium
536 544 569 598 et
588 533 811 619 importunum
832 541 948 618 potest.
993 535 1036 599 At
1053 557 1096 601 ne

125 652 279 719 credibile
298 649 436 736 quidem
454 655 520 722 cst,
554 646 697 731 legentes
724 644 758 706 in
779 643 867 706 hisae
892 641 1095 730 digmioni.

126 761 188 826 bus
204 760 316 824 sedate
335 753 570 844 perlustrandis
588 753 776 838 diligentem
789 770 925 836 operam
941 771 1007 814 esse
1026 753 1097 814 eol·

20 928 21 935 ,
125 868 298 936 locaturus.
345 866 554 947 Quicumque
586 861 671 923 enim
702 859 867 922 historiam
887 859 985 944 legit,
1030 859 1100 924 hoc.

19 968 20 989 ¹
123 974 289 1062 postulet,
317 981 354 1036 ut
375 969 532 1034 continue
548 965 719 1030 hominum
733 983 907 1048 rerumque
927 965 1096 1030 seriesn'bi

124 1093 200 1148 ante
216 1081 330 1146 ocrslos
348 1078 535 1151 evolvatur,
567 1083 671 1158 utque
687 1072 733 1134 ita
757 1093 775 1134 a
794 1070 942 1156 proximo
961 1093 1099 1158 quoque

20 1248 21 1251 ,
123 1191 169 1256 ad
195 1196 335 1275 aequem
364 1182 593 1270 progrediens,
628 1179 728 1244 totius
758 1179 910 1243 historiae
940 1177 1097 1244 ambitum

123 1305 314 1384 eognoscat.
347 1293 462 1378 Neque
481 1285 598 1378 igitur,
622 1289 684 1374 ipsi
704 1289 883 1354 narrationi
900 1297 970 1352 toto
988 1289 1098 1352 animo

19 1425 20 1435 ¹
120 1403 289 1478 intentus,
319 1398 458 1463 libenter
477 1396 521 1460 eb
540 1415 580 1460 ea
605 1394 758 1470 discedit,
794 1404 830 1458 ut
853 1395 897 1458 ad
921 1395 984 1458 alia
1002 1394 1095 1460 diva·

119 1519 230 1597 getur.
277 1505 366 1587 Quid
392 1504 504 1568 enim?
536 1501 653 1565 Omnia
676 1502 753 1578 illa,
788 1502 823 1565 in
851 1501 972 1587 quibus
998 1502 1098 1566 turice

118 1625 194 1680 erat
225 1621 427 1698 occupatus,
461 1628 670 1694 quorumque
695 1628 826 1672 cursum
858 1608 951 1673 avide
981 1629 1094 1694 exspe-

120 1723 254 1797 ctabat,
285 1727 420 1806 repente
434 1718 560 1780 mittere
575 1715 726 1791 debebit,
752 1726 788 1780 ut
809 1717 872 1780 alia
887 1717 994 1780 statim
1013 1737 1094 1780 con-

19 1855 20 1878 1
120 1828 310 1914 tupletur,
335 1845 376 1888 ae
393 1824 560 1908 copiosam
576 1823 666 1886 illam
681 1823 825 1886 historici
843 1825 1095 1909 disputationem

120 1936 305 2007 auscultet,
330 1950 436 2015 quae,
461 1930 747 2014 ututpraeclara,
772 1929 891 2004 docta,
915 1950 1002 2005 vera,
1026 1951 1094 1996 non

119 2054 235 2106 tamen
254 2038 301 2102 illi
327 2055 418 2100 nunc
439 2037 570 2121 placere
591 2036 659 2097 ullo
679 2035 779 2098 modo
804 2036 933 2121 poterit.
979 2037 1096 2121 Neque

19 2209 21 2239 β
121 2148 212 2212 enim
231 2165 322 2220 eam,
350 2151 459 2206 mente
484 2141 566 2204 alius
586 2141 633 2203 rei
659 2141 853 2225 cogitatione
871 2141 1012 2227 repleta,
1038 2151 1095 2206 aut

20 2242 21 2247 ἵ
121 2255 229 2332 bene,
252 2261 310 2316 aut
330 2258 452 2314 attente
477 2247 692 2322 examinabit,
728 2247 784 2310 sed
805 2269 913 2312 rerum
932 2250 1014 2312 serie
1037 2271 1093 2314 ae·

64 2420 66 2426 ,
121 2383 181 2448 gre
200 2360 333 2435 relicta,
357 2358 563 2443 impatienter
581 2357 840 2442 circumspiciet,
873 2379 942 2441 quo
964 2357 1095 2422 tandem

122 2469 200 2532 loeo
223 2467 266 2530 ad
284 2466 503 2535 narrationem
522 2464 778 2528 continuandam
798 2464 959 2530 redeatur.
1002 2467 1096 2530 Unde

19 2570 21 2595 ³
121 2583 195 2637 tota
214 2574 268 2636 illa
294 2574 446 2659 digressio
464 2582 495 2634 et
516 2572 684 2656 voluptate
716 2582 748 2634 et
779 2572 889 2636 fructu
911 2575 1010 2658 plane
1035 2594 1091 2637 ca-

119 2679 218 2744 rebit.
264 2679 356 2758 Quae
379 2699 455 2741 cum
475 2679 510 2740 in
532 2687 704 2763 utramque
726 2690 851 2764 partem
870 2682 915 2743 ita
932 2683 1015 2756 sint,
1040 2691 1087 2756 ut,

20 2790 21 2813 ¹
119 2792 148 2854 si
169 2789 250 2853 tales
273 2807 427 2851 ercururs
453 2796 575 2850 attente
605 2788 833 2873 perlegantur,
868 2809 975 2851 rerum
995 2788 1090 2850 intel·

119 2895 255 2982 ligantia
274 2895 452 2958 necessario
474 2894 701 2973 imminuatur;
723 2897 771 2958 sin
790 2897 915 2973 minus,
939 2915 1094 2980 superra-

119 3025 185 3068 cua
207 3003 304 3066 fuerit
324 3002 489 3088 seripturis
515 3003 687 3067 sedulitas:
712 3005 795 3088 quid
822 3013 938 3080 restat,
969 3004 1030 3066 nisi
1055 3013 1092 3066 ut

118 3131 252 3196 prorsam
283 3109 509 3173 abstinendum
534 3111 572 3172 iis
600 3131 666 3173 esse
686 3111 946 3176 concludamus?
978 3111 1093 3197 Neque

118 3217 206 3280 enim
223 3217 299 3300 ipsis
315 3215 412 3278 rebus
433 3217 600 3300 antiquius
620 3219 805 3304 quidquam
822 3219 942 3283 habere
964 3219 1092 3286 histori-

19 3398 20 3403 γ
118 3342 201 3386 cum
231 3330 378 3407 oportet,
412 3341 522 3405 neque
550 3323 615 3386 suis
643 3324 752 3410 ipsum
782 3325 895 3388 studiis
924 3346 1090 3410 occupare

119 3429 276 3504 botones,
312 3427 372 3510 qui
402 3425 484 3490 nihil
516 3428 577 3490 nisi
608 3449 676 3493 non
696 3431 910 3516 interruptam
930 3433 1092 3495 factorum

120 3535 234 3599 seriem
264 3535 459 3619 requirunt,
493 3557 602 3621 neque
630 3539 719 3602 alind
745 3540 828 3625 quid
851 3540 947 3603 facile
972 3540 1090 3603 lerunt.

121 3642 206 3706 Neve
232 3641 307 3726 quis
328 3651 421 3727 putet
445 3643 540 3706 rumis
564 3665 624 3707 nos
643 3645 779 3708 sollicite
800 3645 882 3710 haee
904 3645 1091 3710 extimesce-

121 3770 171 3825 re,
195 3770 284 3835 quae
303 3752 477 3816 metuenda
505 3773 573 3817 non
595 3755 667 3818 sint.
700 3755 760 3821 Vel
791 3753 886 3818 hauns
911 3756 1024 3840 ipsius,
1049 3754 1091 3820 de

19 3905 20 3921 r
46 3938 49 3944 Ι
121 3878 188 3942 quo
203 3859 346 3944 agimus,
370 3860 498 3944 Polybii
517 3859 726 3924 creberrimas
750 3861 825 3925 dico
845 3862 1087 3948 disputationes.

122 3964 236 4033 Nescio
256 3966 340 4054 qaid
365 3968 434 4031 aliis
458 3967 626 4043 rideatur,
663 3969 719 4033 sed
739 3969 818 4038 mihi
841 3971 991 4054 quidem,
1028 3969 1088 4034 sint
