2867 5017
584 408 623 471 81

138 605 234 668 'lluo
254 599 439 664 referendus
458 601 539 664 alius
559 602 650 665 loeus
665 613 725 679 est,
746 603 816 680 ubi,
838 602 971 666 laudata
988 604 1089 669 Acar-

117 723 245 777 nanum
275 710 310 771 in
339 706 406 770 fide
434 709 590 772 servanda
622 712 801 773 constantia
831 722 861 774 et
886 713 1087 798 integritate,

116 821 270 883 hortatur
298 825 422 879 ceteros
449 835 575 894 omnes,
607 837 649 879 ne
672 836 748 881 eum
769 819 830 881 illis
850 820 884 883 in
907 819 1092 883 societatem

119 926 230 990 venire
247 922 413 999 dubitent,
439 925 463 986 si
485 924 620 1009 quando
640 926 685 986 ita
705 927 789 988 leret
808 928 961 1012 temporis
980 948 1019 989 ao
1041 947 1092 987 re-

121 1054 196 1096 rum
216 1030 453 1117 opportunitas.
496 1025 572 1109 Οἷς,
600 1033 646 1094 sie
667 1033 754 1095 enim
776 1034 837 1108 ait,
864 1032 919 1093 οὐκ
940 1030 1093 1111 ὀκνητέον

120 1140 208 1202 κατὰ
238 1138 294 1209 τὰς
326 1141 519 1218 περιστάσεις
551 1142 716 1201 κοινωνεῖν
745 1142 960 1221 πραγμάτων,
996 1156 1091 1199 swav-

118 1244 215 1309 στέον
236 1239 434 1323 δὲμᾶλλον,
457 1246 486 1306 εἶ
506 1244 562 1307 καί
583 1264 667 1308 τισιν
688 1242 804 1327 ἑτέροις
825 1247 889 1308 τῶν
906 1241 1088 1322 Ἑλλήνων·

123 1354 178 1412 καὶ
209 1351 269 1430 γὰρ
290 1346 359 1427 ἰδίᾳ
377 1351 434 1423 ,καλ
463 1354 556 1431 κοινῇ
583 1352 732 1430 στάσιμον
756 1340 862 1434 ἔχουσι’
887 1374 918 1413 τι
941 1342 996 1413 sal
1019 1348 1092 1431 φιλ-

117 1451 290 1535 ελεύθερον
319 1454 382 1541 (l).

113 1603 118 1609 -
166 1560 239 1623 Non
269 1560 504 1647 explicabimus
531 1562 596 1626 hoa
624 1564 716 1639 loeo,
753 1562 920 1647 quomodo
944 1562 1096 1645 Polybius

121 1665 365 1753 reprehenderit
395 1669 503 1745 Eleos,
538 1668 631 1754 quod
660 1670 836 1754 pretiosum
862 1669 944 1732 illud
965 1666 1094 1741 ἀσυλίας

123 1774 347 1859 privilegium,
379 1796 446 1862 quo
474 1787 570 1840 antea
590 1777 718 1840 lberant
740 1776 855 1862 gavisi,
888 1776 1021 1861 indigna
1043 1796 1094 1839 so·

119 1881 238 1945 oordia
267 1882 495 1966 neglexissent3
526 1900 647 1967 eosque
669 1884 889 1957 admonuerit,
924 1892 976 1960 ut,
1002 1865 1094 1967 quod

117 1988 188 2052 hae
215 1998 400 2071 temporum
428 1985 616 2049 conditione
634 1988 707 2049 fieri
728 1988 823 2049 laeile
844 1997 963 2071 posset,
997 2008 1095 2049 reon-

121 2114 241 2181 perare
262 2090 345 2155 illud
364 2091 514 2155 omnibus
529 2090 655 2156 'viribss
673 2094 853 2156 niterentur
877 2091 939 2179 (2)
982 2094 1096 2180 Neque

114 2220 215 2264 nuno
233 2218 430 2285 exponemus
449 2199 624 2274 monitum,
649 2199 744 2284 quod
765 2198 962 2264 Graecarum
982 2202 1095 2265 eivita-

114 2307 208 2369 tium
236 2312 337 2370 causa
358 2305 464 2380 dedit,
498 2305 540 2367 de
561 2304 676 2369 dandis
697 2306 962 2391 accipiendisque
982 2328 1095 2371 mune-

123 2416 214 2479 ribus
236 2414 305 2501 (3);
329 2416 385 2479 sed
406 2416 520 2479 ultimo
540 2417 615 2479 looo
634 2416 804 2480 audiamus
821 2416 1008 2501 Polybium,
1034 2436 1095 2498 pa·

122 2525 205 2588 triae
233 2526 483 2590 amantissimum
515 2527 635 2604 oirem,
667 2526 776 2603 hanc,
809 2537 844 2589 ut
866 2526 1005 2613 graviter
1026 2534 1095 2586 erat

117 2630 265 2707 afflicta,
291 2631 528 2697 adhortantem.

117 2774 122 2778 ·
167 2736 365 2804 Versabatur
381 2742 466 2809 enim
485 2742 619 2805 Graecia
637 2744 671 2805 in
689 2752 756 2805 tam
773 2743 887 2803 misero
904 2760 1012 2801 rerum
1029 2749 1094 2801 sta·

124 2855 180 2920 tu,
211 2854 248 2907 ut
268 2846 320 2909 vel
341 2842 542 2934 Carthaginis
561 2848 709 2911 devictae
730 2846 924 2929 dirutaeque
945 2863 1012 2907 sors
1032 2844 1093 2904 rni-

123 2973 187 3015 nus
205 2951 301 3015 tristis
319 2952 457 3039 Polybio
478 2953 641 3019 rideretur
664 2951 727 3039 (A)
752 2944 755 2949 ’
774 2951 839 3032 Qui
859 2972 963 3035 quum
984 2968 1095 3011 secum

119 3060 291 3142 'reputaret
309 3060 482 3135 maximas,
508 3080 591 3143 quas
611 3078 768 3143 mquam
789 3049 883 3143 passa
903 3065 972 3118 erat
994 3042 1094 3117 Grae·

122 3164 190 3241 oia,
206 3162 418 3241 calamitates,
433 3166 558 3228 nullam
567 3163 751 3228 inveniebat
768 3162 928 3249 praesenti
940 3181 1093 3223 aerumna

123 3271 315 3359 graviorem.
359 3271 473 3354 Neque
501 3281 609 3334 tamen
640 3270 716 3332 ideo
741 3289 832 3353 spem
862 3267 1007 3343 demisit,
1047 3266 1094 3328 lo-

122 3396 158 3439 re
181 3385 218 3439 ut
240 3375 419 3461 aliquando
439 3397 491 3439 res
509 3378 543 3441 in
562 3377 676 3440 melius
695 3382 914 3447 verterentur,
943 3371 1092 3439 dumam·

118 3627 425 3711 quamam

153 3732 393 3805 mmmm.

153 3827 412 3896 munem

152 3921 194 3989 (l)
220 3922 253 3973 Ut
276 3920 327 3989 ipse
351 3916 414 3969 dicit
441 3934 472 3969 eo
488 3918 558 3983 loco,
584 3934 659 3987 quem
678 3916 722 3969 bio
740 3916 917 3987 expressimus,
936 3918 1029 3987 quique
1042 3933 1090 3967 oc-

127 3999 1005 4085 amamwmufflmawumpmmm
