2867 5017
566 368 628 431 129

112 582 180 626 men
202 560 296 645 quod
317 562 352 624 in
377 561 584 646 philosophia
610 560 760 623 accidere
781 560 882 637 solet,
918 563 952 627 id
973 567 1079 629 statim

23 659 25 691 *
110 670 206 733 iubis
228 667 351 731 artibus
372 668 608 734 admittendum
626 679 683 732 est.
730 669 771 733 Ut
791 670 817 732 si
838 668 913 755 quis
929 670 1077 747 eandem,
1105 740 1112 757 „

110 796 192 860 quae
214 776 415 862 philosophis
437 778 552 854 datur,
586 776 821 842 mathematicis
848 778 974 844 veniam
998 798 1078 843 con-

23 875 24 932 ἒ
110 883 256 961 eederet,
282 896 338 961 ut,
375 885 431 949 ubi
452 906 528 949 vera
549 884 653 949 desint
685 896 742 949 aut
767 888 899 951 inventu
925 886 987 949 sint
1012 884 1077 949 dil’·

23 1041 24 1052 ,
108 989 272 1069 lieillime,
297 993 342 1057 ibi
359 993 542 1081 probabilia
564 996 820 1079 amplectantur,
843 991 917 1058 vide
937 1012 1080 1076 quama

23 1147 24 1182 ,
109 1097 286 1162 matheseos
304 1100 417 1163 indole
437 1100 542 1162 aliena
561 1108 726 1163 statueret.
751 1100 935 1163 Autrursus
954 1100 979 1160 si
1000 1118 1078 1163 ana·

23 1195 24 1204 ’
109 1214 213 1269 tomus
237 1205 393 1291 quidam,
426 1207 505 1269 dum
529 1205 709 1269 mirabilem
729 1206 819 1269 illam
844 1206 990 1292 eorpons
1016 1205 1078 1269 hu-

107 1313 193 1375 mani
225 1322 421 1376 stmeturam
454 1312 645 1399 explicaret,
685 1323 741 1375 aut
769 1322 987 1391 astronomus,
1019 1312 1079 1399 qui

106 1420 179 1482 selis
198 1418 292 1481 illum
312 1437 353 1482 ac
369 1418 538 1482 ‘stellarum
563 1438 693 1481 cursum
714 1418 931 1493 describeret,
966 1418 1077 1503 singu-

104 1526 205 1611 laque
231 1544 271 1587 ex
292 1524 369 1586 artis
388 1543 465 1588 suae
486 1524 670 1610 praeceptis
690 1524 917 1589 ratiocinando
938 1524 1078 1588 illustra·

104 1640 175 1706 ret;
199 1630 306 1705 siilli,
339 1632 493 1717 inquam,
518 1634 552 1696 iu
573 1634 680 1696 media
702 1634 981 1697 demonstrationis
999 1631 1079 1695 serie

103 1738 221 1822 quovis
236 1748 400 1803 momento
421 1740 677 1826 exspatiarentur
694 1742 738 1805 ad
757 1740 1012 1827 praedicandam
1026 1757 1077 1801 sa·

101 1846 261 1933 pientiam
281 1847 423 1911 divinam
447 1849 483 1911 in
503 1848 553 1912 his
575 1849 673 1912 rebus
698 1850 929 1933 conspicuam:
961 1844 1077 1909 lauda·

100 1961 212 2021 remus
233 1956 403 2018 hominum
420 1956 588 2039 pietatem,
622 1967 656 2018 at
677 1954 806 2017 eosdem
826 1953 980 2038 temperis
995 1951 1077 2015 leci-

101 2080 174 2147 que
195 2061 337 2127 rationes
354 2062 463 2147 inepte
482 2062 678 2126 conturbare
701 2080 931 2147 quereremur,
967 2068 999 2120 et
1020 2058 1079 2119 im·

99 2170 267 2255 patienter
294 2180 517 2255 exspectantes
535 2170 614 2233 dum
635 2169 854 2233 absolveretur
879 2169 1080 2230 demonstra·

101 2278 168 2353 tio,
204 2277 275 2363 ipso
292 2277 385 2340 rultu
406 2277 495 2340 hunc
524 2280 672 2341 intimum
693 2279 791 2341 animi
812 2294 939 2339 sensum
958 2271 1079 2358 prode-

100 2403 227 2447 remus:
262 2375 396 2447 resedeat
422 2389 497 2465 ἡμῖν
520 2383 585 2446 ἔδει
607 2382 797 2447 καταλιπεῖν
819 2381 1024 2458 λογίζεσθαι,
1057 2383 1079 2458 ἤ

103 2489 220 2563 αὐτούς
248 2492 348 2556 eberis
373 2489 435 2575 (l).
491 2490 612 2554 Tamen
642 2502 675 2553 et
703 2491 850 2577 eorporis
880 2488 1014 2551 humani
1045 2497 1078 2549 et

101 2596 268 2658 stellarum
287 2596 394 2659 motus
415 2600 633 2684 cognitionem
653 2600 728 2683 quis
748 2596 989 2682 philosophiam
1016 2614 1088 2680 apa

102 2702 231 2788 pellare
247 2701 435 2766 dubitabit?

146 2809 312 2890 Quorsum
332 2810 438 2873 baec?
471 2814 512 2875 Ut
530 2815 745 2901 intelligatur,
772 2814 828 2876 etsi
861 2832 985 2875 summo
1007 2812 1077 2873 iure

23 2931 24 2948 ³
103 2916 346 3001 philosophiam
367 2919 536 3001 quandam
564 2920 729 2985 historiam
750 2920 916 2995 dieamus,
950 2919 1080 2983 minime

23 3021 24 3110 l
101 3033 213 3085 tamen
229 3023 305 3086 inde
321 3044 387 3087 esse
403 3027 631 3103 efficiendum,
657 3029 926 3116 philosophorum
942 3048 1031 3091 more
1041 3028 1075 3089 in

103 3130 282 3193 scribendo
293 3135 413 3196 versari
431 3145 584 3221 oportere
605 3135 803 3200 historicum.
850 3134 948 3218 Quod
971 3134 1076 3195 lucete

101 3236 193 3301 Baco
210 3236 274 3299 ‘itte
302 3240 506 3303 Verulamius
537 3239 606 3325 (2):
642 3244 805 3319 »Licet,'’
837 3243 963 3328 inquil,
998 3239 1074 3304 »hi-

23 3323 24 3364 ¹
104 3370 121 3402 »⁴
130 3344 231 3406 storia
246 3357 400 3429 quaeque
410 3347 600 3430 prudentior
613 3351 754 3434 politicis
765 3350 948 3437 praeceptis
958 3355 989 3407 et
1003 3364 1073 3407 mo·

23 3431 24 3506 i
105 3452 205 3515 »uitis
227 3452 326 3514 veluti
346 3452 547 3537 impregnata
564 3455 623 3528 sit,
649 3466 757 3521 tamen
774 3458 914 3542 scriptor
930 3454 998 3537 ipse
1016 3446 1076 3512 sibi

106 3558 330 3623 »obstetricati
352 3578 418 3621 nou
440 3558 546 3621 debet.
560 3562 577 3584 '⁹

106 3714 297 3730 m

143 3806 185 3873 (1)
208 3805 248 3857 Uti
270 3806 318 3857 alia
339 3807 366 3856 iu
389 3822 461 3856 causa
480 3807 515 3856 ait
533 3806 670 3874 Luciacus,
693 3807 829 3878 Quomodo
849 3806 915 3861 hist.
934 3802 1069 3857 emnerii.

108 3897 161 3964 ait,
185 3899 278 3954 0.17.‚

142 3990 184 4057 (2)
209 3990 249 4043 De
270 3991 365 4063 Auget.
386 3992 488 4045 Scient.
510 3992 526 4042 l.
543 3994 586 4057 ll,
605 4010 627 4045 c.
645 3997 687 4046 10.

960 4080 993 4146 9.
