2867 5017
790 388 834 449 86

331 598 454 657 factum
474 599 537 664 est,
563 597 599 649 ut
617 582 763 647 omniurn
774 578 889 653 armni,
913 576 1121 641 victoriarum
1138 581 1309 648 nobilitate

332 700 409 763 clati
448 706 479 758 ct
510 679 723 762 exsultautcs{
760 684 895 749 ferventi
928 684 1044 747 ardore
1077 688 1305 755 excitarentur.

333 807 450 889 Itaque
482 802 508 862 si
539 799 614 885 quis
642 794 796 859 historiae
818 792 956 877 scriptor
976 794 1161 879 praeclaras
1176 796 1310 861 illorum

336 931 386 973 res
407 906 481 971 exili
503 924 542 968 ac
564 905 673 967 ieiuna
693 902 818 965 ratione
840 909 1021 975 tractasset,
1052 900 1141 965 hunc
1164 913 1310 969 autnon
1420 976 1423 983 Ι

335 1016 432 1080 laturi
450 1014 596 1086 fuissent,
622 1018 678 1072 aut
701 1016 788 1070 certe
807 1006 903 1069 nullis
924 1005 1075 1069 laudibus
1092 1012 1310 1094 prosecuturi.

337 1107 380 1187 At
402 1142 506 1207 quum
527 1116 725 1191 Herodotus,
752 1133 876 1177 summo
894 1114 961 1199 ipse
981 1114 1106 1200 patriae
1121 1137 1238 1208 amore
1259 1120 1311 1183 in-

339 1251 473 1302 census,
517 1244 636 1310 magna
671 1222 729 1285 illa
765 1219 911 1283 facinora
943 1218 1158 1307 cxiuriamque
1187 1225 1312 1309 gloriae

339 1321 570 1420 praestantiam
601 1327 729 1412 poetice
761 1325 828 1387 tere
857 1323 1093 1404 celebravisset,
1123 1338 1153 1391 et
1174 1330 1313 1417 disposi-

340 1443 435 1506 tionis
455 1436 676 1526 pulcritudine
697 1434 918 1519 orationisque
936 1445 1102 1499 venustate
1118 1439 1309 1517 amavisset,

342 1561 442 1633 atque
470 1547 534 1609 hoc
558 1544 658 1609 veluti
679 1544 798 1607 civium
820 1561 951 1605 suorum
971 1545 1154 1608 encomium
1175 1547 1316 1612 inludis

342 1653 518 1739 Olympiis,
551 1659 619 1711 tota
646 1648 783 1712 Graecia
816 1648 983 1724 audiente,
1016 1652 1198 1729 recitasset,
1231 1655 1314 1741 quid

341 1763 460 1825 mirrun
478 1767 570 1821 tanto
591 1777 646 1819 eos
666 1756 773 1820 studio
794 1776 869 1841 erga
891 1758 989 1820 talem
1010 1761 1198 1845 scriptorem
1219 1760 1316 1824 fuisse

347 1875 532 1951 correptos,
566 1873 603 1925 ut
623 1864 766 1951 singulos
785 1864 853 1927 cius
872 1864 973 1928 libros
992 1866 1190 1953 singularum
1206 1868 1316 1931 illusa-

344 1999 418 2041 rum
445 1972 629 2039 nominibus
657 1973 862 2059 insignirent,
895 1974 1067 2061 ipsumque
1096 1975 1201 2063 digitis
1220 1994 1317 2037 mon-

345 2093 480 2148 strantes
502 2080 737 2143 acclamarent:
763 2064 861 2151 Οὗτος
880 2080 997 2153 ἐκεῖνος
1016 2078 1187 2163 Ἡρόδοτός
1209 2080 1316 2157 ἔστιν,

346 2194 438 2262 dede
458 2193 560 2271 μάχας
581 2189 637 2259 τὰς
655 2189 813 2268 Περσικὰς
835 2186 937 2249 Ἰαστὶ
962 2186 1201 2269 συγγεγραφὼς,
1225 2187 1319 2259 στὰς

346 2298 439 2369 νίκας
459 2294 548 2376 ἡμῶν
569 2294 707 2375 ὑμνήσας
732 2282 794 2380 (l).

389 2403 500 2486 Atque
528 2398 592 2462 hoc
614 2400 697 2462 illud
719 2398 825 2485 ipsum
847 2410 909 2473 est,
942 2400 1107 2462 Herodoto
1127 2401 1318 2485 proprium,

350 2510 442 2596 quod
464 2511 628 2571 cccim'ase
648 2507 813 2567 historiam
835 2505 955 2565 dieitur
980 2503 1040 2589 (2).
1075 2503 1213 2566 Accedit
1234 2507 1324 2569 enim

350 2617 419 2679 eius
445 2632 529 2697 opus
557 2610 601 2672 ad
627 2609 776 2671 carminis
797 2608 882 2694 epici
903 2606 1053 2686 faunam,
1088 2627 1163 2674 cum
1184 2622 1326 2699 propter

349 2716 583 2785 distributionis
610 2725 761 2779 naturam
790 2736 863 2780 vere
883 2716 1065 2802 poeticam,
1097 2728 1167 2782 tum
1188 2729 1326 2806 propter

351 2830 532 2893 universam
562 2834 594 2887 ct
621 2822 777 2887 narrandi
806 2832 838 2885 et
864 2822 995 2885 dicendi
1017 2825 1185 2889 rationem.
1229 2826 1324 2889 Unde

350 2937 585 3019 όμηρικώτατος
604 2952 622 2993 a
641 2927 790 3015 Longino
806 2928 877 2991 iure
896 2927 1002 2991 dictus
1020 2940 1065 2992 est
1085 2929 1144 3017 (3)
1174 2932 1213 2995 Et
1232 2932 1324 2995 aliter

350 3043 423 3106 ficri
443 3042 496 3104 vix
517 3046 656 3124 poterat.
687 3035 799 3114 Quum
820 3035 905 3095 enim
927 3036 1068 3119 antiquis
1087 3038 1149 3101 illis
1170 3040 1323 3125 tempori-

293 3198 296 3204 .
353 3149 415 3209 bus
439 3164 550 3206 omues
574 3143 642 3201 fere
663 3141 774 3199 literae
796 3158 895 3221 penes
917 3150 1030 3223 poetas
1050 3153 1169 3219 essent,
1195 3165 1324 3209 corum-

354 3269 422 3335 que
448 3266 499 3309 ars
526 3246 560 3309 in
589 3243 756 3307 hominurn
789 3243 912 3307 animos
939 3247 1075 3313 mirifice
1098 3251 1248 3330 caderet,
1279 3255 1325 3316 ita

356 3366 393 3419 ut
418 3354 548 3419 llomeri
576 3353 673 3416 etiam
702 3352 846 3414 carmina
875 3355 1019 3420 onmium
1040 3378 1096 3421 ore
1117 3361 1272 3423 celebrari
1294 3372 1327 3424 et

358 3464 557 3530 auctoritatis
584 3463 658 3524 loeo
690 3458 802 3523 haberi
833 3460 989 3539 solerent,
1030 3467 1174 3549 sequitur
1199 3477 1235 3529 ut
1266 3468 1327 3552 qui

388 3732 431 3798 (l)
459 3729 580 3781 Luciauus
595 3730 620 3778 iu
638 3726 774 3780 Herodoto
793 3738 822 3780 et
840 3730 962 3782 Aetione.

390 3824 432 3892 (2)
460 3822 502 3873 Sic
511 3822 594 3891 paullo
612 3820 790 3890 supradixerat
807 3823 943 3875 Luciauus:
968 3829 1041 3897 ᾄδων
1058 3832 1107 3891 τὰς
1123 3831 1253 3902 ἱστορίας.

391 3918 434 3986 (3)
463 3917 503 3967 Dc
520 3916 658 3981 Sublimi,
676 3917 742 3969 Sect.
762 3918 831 3968 Xlll.
869 3918 1095 3973 Similiteralliou.
1114 3922 1171 3978 Hal.
1190 3924 1216 3977 in
1233 3924 1326 3997 Epist.

365 4011 403 4063 ad
408 4011 500 4079 Pomp.
510 4008 585 4079 (Opp.
595 4010 648 4064 Vol.
659 4011 710 4077 vl,
730 4028 754 4079 p.
771 4010 822 4063 772
833 4011 928 4081 Reislr.)
939 4023 1041 4068 vocatur
1056 4020 1178 4093 Ὁμήρου
1194 4028 1323 4092 ζηλωτής,
