2867 5017
769 348 810 411 tt)

179 622 186 635 =
293 541 466 631 peculiaris
491 538 549 603 illa
568 539 604 606 in
622 538 792 606 scribenda
816 541 949 611 hutoriu
970 548 1072 623 ratic,
1094 570 1197 633 quom
1217 570 1268 613 se·

293 662 390 717 cutus
414 657 462 716 eat
481 644 653 730 Polybius.
681 669 854 735 quaeque,
886 653 1018 721 rationis
1039 657 1264 742 pragmaticae

293 759 422 823 nomine
441 753 626 832 celebrate,
654 764 702 819 tot
724 758 813 821 veris
831 761 1049 825 recentiorum
1067 763 1192 829 iudicia
1211 786 1270 831 ex-

293 868 414 935 citarit.
445 863 499 931 td
520 862 608 929 banc
634 874 744 929 autem
764 864 847 931 bene
868 868 1092 935 illustrandam
1113 874 1203 959 prius
1224 874 1268 939 ad

291 972 455 1061 scribendi
474 973 696 1059 propositum,
722 975 815 1061 quod
840 977 902 1045 tuit
922 979 1072 1055 ueteri,
1095 980 1271 1047 ascenden·

294 1084 374 1148 dum
393 1091 451 1150 etl·

331 1189 381 1252 Ac
400 1188 461 1251 luit
478 1187 561 1251 illud
574 1186 709 1272 quidem
728 1191 920 1278 praecipue,
946 1202 999 1269 ut,
1018 1212 1096 1258 eum
1115 1194 1271 1281 plerique

291 1306 368 1361 ente
387 1316 463 1359 eum
483 1294 626 1357 historici
647 1295 789 1382 ungrdos
820 1299 962 1384 populos
993 1300 1177 1387 singulatim
1198 1311 1264 1366 tre-

291 1402 479 1476 ctarissent,
510 1399 579 1487 ipse
600 1398 798 1466 diversarum
824 1405 969 1491 gentium
989 1404 1155 1475 historiam
1183 1430 1265 1477 eon-

290 1511 428 1578 iunctim
455 1507 613 1585 traderet,
648 1530 717 1597 quo
746 1510 873 1577 facilius
902 1513 985 1577 foret
1006 1514 1152 1593 lecturis,
1185 1537 1269 1583 ovs·

289 1623 471 1687 ceccanum
489 1623 548 1696 τὴν
568 1620 633 1682 τῶν
647 1616 731 1682 ὅλων
749 1623 935 1702 οἰκονομίαν
954 1622 1017 1707 (ll.
1049 1624 1123 1703 Qua
1145 1644 1180 1687 re
1197 1625 1264 1692 hcc

288 1729 445 1815 imprimis
466 1721 658 1810 spectabat,
688 1734 725 1789 ut
750 1726 860 1790 omnis
883 1728 958 1804 illa,
990 1749 1078 1814 quse
1098 1730 1263 1795 remorum

286 1836 486 1923 populonien
505 1834 638 1899 historia
655 1836 948 1921 complecteretur,
974 1838 1019 1903 od
1036 1858 1138 1905 unum
1159 1850 1264 1925 eaput

287 1944 439 2021 referret,
473 1944 636 2009 civitatem
664 1942 869 2022 Romanam
900 1965 1008 2031 eoque
1032 1947 1131 2010 modo
1153 1956 1260 2012 osten·

288 2051 395 2129 deret,
420 2074 488 2137 qus
509 2052 561 2118 vie
580 2050 683 2128 haec,
707 2061 812 2115 atam
833 2054 956 2143 exiguis
973 2054 1070 2118 initiis
1090 2056 1262 2143 proiecte,

287 2159 494 2223 incrementis
522 2157 636 2219 sensim
665 2158 790 2241 captis,
821 2155 953 2222 tandem
984 2158 1074 2223 brevi
1106 2162 1261 2249 temporis

290 2266 396 2353 spatio
417 2274 486 2328 toto
506 2264 573 2326 iere
593 2272 752 2326 terrarum
772 2262 851 2327 orbe
874 2263 933 2327 sibi
953 2265 1119 2344 subiecto,
1150 2289 1264 2335 omnes

287 2374 430 2460 reliques
456 2372 601 2443 civitates
627 2373 663 2436 in
685 2394 788 2437 unum
809 2393 930 2461 corpus
951 2375 1165 2442 coniunxisset
1190 2378 1238 2467 (2)
1251 2427 1265 2455 ,

282 2523 481 2551 ..δι-ιιι-

290 2607 416 2671 »promer
444 2598 651 2668 eloquentiam.”
688 2599 851 2653 Defensorem
874 2601 951 2653 etiam
979 2610 1066 2655 nactus
1085 2612 1122 2657 est
1140 2604 1256 2675 Polybius

294 2697 331 2749 Cl.
347 2693 538 2746 Gortdoerermu
555 2694 572 2745 Ι.
590 2694 606 2746 l.
625 2712 651 2765 p.
671 2696 726 2746 116
742 2714 797 2767 sqq.
824 2696 988 2749 Conseruntur
1003 2698 1079 2749 etism
1098 2698 1173 2751 verbe
1193 2702 1259 2753 Vin-

293 2791 369 2843 centii
391 2787 545 2854 Tbuillierii,
574 2788 618 2859 qui
637 2788 769 2857 Polybium
788 2806 812 2840 e.
832 2792 906 2841 1⁷27
923 2791 1042 2843 Francice
1060 2793 1152 2859 vertit,
1171 2796 1259 2846 cuius-

290 2903 341 2956 que
357 2884 392 2936 de
409 2890 548 2935 memorate
563 2883 637 2937 llice.
656 2883 712 2935 ttat
722 2884 916 2955 reprehensione
935 2902 986 2937 non
1005 2884 1106 2937 inficeto
1122 2886 1262 2958 disputatio

292 2988 337 3033 est.
353 2980 390 3031 Cf.
412 2979 460 3030 rte
475 2976 509 3030 ds
529 2976 650 3049 Polybo,
668 2977 722 3029 eius
731 2978 838 3031 versioni
858 2978 981 3047 praelixa,
1001 2996 1027 3048 p.
1045 2980 1259 3035 lxviii-Lxx.

292 3071 344 3124 sec
362 3072 436 3123 huius
451 3069 527 3123 rerba
545 3071 657 3139 longiore
672 3078 748 3136 stet,
767 3088 843 3140 quem
866 3088 931 3142 quue
948 3072 991 3123 bie
1012 3071 1192 3128 mechantur.

320 3168 365 3236 (1)
381 3166 423 3219 Uti
442 3165 477 3217 sit
492 3166 509 3219 l.
523 3167 602 3231 vul,
621 3180 643 3216 c.
663 3166 697 3230 1,
715 3182 768 3234 quo
783 3164 965 3218 locohistoriee
975 3168 1258 3239 universalispraeper-

292 3258 390 3311 ticuleri
399 3258 575 3329 praestantiam
595 3255 696 3322 tendat,
715 3270 766 3326 qua
786 3254 820 3307 de
839 3273 867 3308 re
885 3254 929 3311 etl.
944 3258 1020 3311 etiem
1039 3260 1058 3315 1.
1072 3262 1115 3328 tt,
1133 3278 1155 3313 e.
1166 3262 1220 3327 et,
1239 3262 1256 3316 l.

294 3354 353 3419 111,
371 3370 394 3406 c.
411 3353 466 3418 32,
485 3350 556 3417 tv,
573 3368 597 3402 c.
607 3351 663 3415 31,
681 3350 727 3400 83.
745 3350 939 3402 Anteseactem
949 3352 1093 3420 neminem,
1112 3354 1157 3406 nisi
1168 3355 1256 3425 Epho-

297 3464 373 3512 rum,
398 3444 528 3499 historiam
555 3460 615 3496 νοω
639 3448 797 3513 καθολκήν·
816 3444 988 3514 conscripsisse
1003 3444 1098 3499 iudicet
1121 3447 1258 3515 Polybiusy

293 3540 447 3609 reliquorum
464 3540 533 3591 enim
551 3538 682 3602 historias,
699 3534 791 3606 quibus
809 3536 855 3605 ipsi
874 3539 1147 3593 auctoresboenomen
1165 3539 1255 3594 dedis-

292 3643 363 3698 seut,
381 3651 413 3685 co
430 3650 484 3684 esse
501 3632 625 3701 indignas.
651 3630 689 3684 Cf.
709 3630 726 3682 l.
744 3632 783 3697 V,
801 3648 824 3682 c.
843 3632 889 3684 ts.

320 3728 364 3796 (2)
391 3728 495 3778 Factum
517 3731 572 3776 erat
590 3724 639 3776 hcc
654 3723 829 3794 praesertime
847 3734 962 3797 suscepto
979 3725 1046 3779 bello
1064 3730 1159 3783 Punico
1174 3732 1200 3783 11
1219 3730 1256 3784 ad

292 3819 420 3872 subactum
438 3817 582 3883 Graeciam,
600 3815 676 3868 menn
694 3825 721 3868 et
746 3817 924 3888 qninquaginta
951 3838 1073 3875 enemim
1096 3826 1183 3893 spatio.
1211 3826 1259 3877 llis

293 3916 369 3984 igitur
384 3913 495 3966 terminis
514 3910 630 3980 Polybius
645 3929 706 3981 cpus
723 3928 793 3963 sumn
813 3899 940 3980 delinivit,
960 3916 994 3967 ita
1010 3924 1038 3967 ut
1057 3914 1089 3968 eb
1099 3920 1259 3989 anncprimo

292 4010 393 4080 Olymp.
408 4010 471 4063 cxi.
490 4005 524 4061 ad
539 4006 640 4059 tertium
655 4005 756 4075 olymp.
778 4006 854 4059 CLlll
875 4008 917 4074 (Α.
931 4009 959 4061 U.
977 4011 1132 4082 eet-587)
1158 4030 1197 4066 rcs
1215 4030 1257 4081 gc·
