<?xml version="1.0" encoding="UTF-8"?>
<!DOCTYPE html PUBLIC "-//W3C//DTD XHTML 1.0 Transitional//EN"
    "http://www.w3.org/TR/xhtml1/DTD/xhtml1-transitional.dtd">
<html xmlns="http://www.w3.org/1999/xhtml" xml:lang="en" lang="en">
 <head>
  <title>
</title>
<meta http-equiv="Content-Type" content="text/html;charset=utf-8" />
  <meta name='ocr-system' content='tesseract 3.04.00' />
  <meta name='ocr-capabilities' content='ocr_page ocr_carea ocr_par ocr_line ocrx_word'/>
</head>
<body>
  <div class='ocr_page' id='page_1' title='image "./specimenliterar00vriegoog_0158.png"; bbox 0 0 2867 5017; ppageno 0'>
   <div class='ocr_carea' id='block_1_1' title="bbox 773 360 836 425">
    <p class='ocr_par' dir='ltr' id='par_1_1' title="bbox 773 360 836 425">
     <span class='ocr_line' id='line_1_1' title="bbox 773 360 836 425; baseline 0.032 -2"><span class='ocrx_word' id='word_1_1' title='bbox 773 360 836 425; x_wconf 81' lang='grc'><strong>138</strong></span> 
     </span>
    </p>
   </div>
   <div class='ocr_carea' id='block_1_2' title="bbox 315 556 1289 643">
    <p class='ocr_par' dir='ltr' id='par_1_2' title="bbox 315 556 1289 643">
     <span class='ocr_line' id='line_1_2' title="bbox 315 556 1289 643; baseline 0.007 -20"><span class='ocrx_word' id='word_1_2' title='bbox 315 559 390 623; x_wconf 84' lang='lat' dir='ltr'><strong>illae</strong></span> <span class='ocrx_word' id='word_1_3' title='bbox 410 556 589 622; x_wconf 73' lang='lat' dir='ltr'><strong>verissimae</strong></span> <span class='ocrx_word' id='word_1_4' title='bbox 610 564 643 619; x_wconf 90' lang='lat' dir='ltr'><strong>et</strong></span> <span class='ocrx_word' id='word_1_5' title='bbox 663 556 812 641; x_wconf 67' lang='lat' dir='ltr'><strong>quamris</strong></span> <span class='ocrx_word' id='word_1_6' title='bbox 833 557 922 643; x_wconf 78' lang='lat' dir='ltr'><strong>larga</strong></span> <span class='ocrx_word' id='word_1_7' title='bbox 947 578 1056 624; x_wconf 88' lang='lat' dir='ltr'><strong>rerum</strong></span> <span class='ocrx_word' id='word_1_8' title='bbox 1077 562 1201 627; x_wconf 86' lang='lat' dir='ltr'><strong>utilium</strong></span> <span class='ocrx_word' id='word_1_9' title='bbox 1224 586 1289 631; x_wconf 86' lang='lat' dir='ltr'><strong>co·</strong></span> 
     </span>
    </p>
   </div>
   <div class='ocr_carea' id='block_1_3' title="bbox 204 662 1289 758">
    <p class='ocr_par' dir='ltr' id='par_1_3' title="bbox 204 662 1289 758">
     <span class='ocr_line' id='line_1_3' title="bbox 204 662 1289 758; baseline -0.004 -29"><span class='ocrx_word' id='word_1_10' title='bbox 204 690 212 697; x_wconf 63' lang='lat'>¹</span> <span class='ocrx_word' id='word_1_11' title='bbox 316 665 373 752; x_wconf 88' lang='lat' dir='ltr'><strong>pia</strong></span> <span class='ocrx_word' id='word_1_12' title='bbox 392 662 550 737; x_wconf 64' lang='lat' dir='ltr'><strong>adactae,</strong></span> <span class='ocrx_word' id='word_1_13' title='bbox 579 662 774 725; x_wconf 75' lang='lat' dir='ltr'><strong>narrationis</strong></span> <span class='ocrx_word' id='word_1_14' title='bbox 798 682 928 729; x_wconf 83' lang='lat' dir='ltr'><strong>cursum</strong></span> <span class='ocrx_word' id='word_1_15' title='bbox 953 667 1047 731; x_wconf 79' lang='lat' dir='ltr'><strong>nnnis</strong></span> <span class='ocrx_word' id='word_1_16' title='bbox 1067 668 1222 758; x_wconf 66' lang='lat' dir='ltr'><strong>impedire</strong></span> <span class='ocrx_word' id='word_1_17' title='bbox 1235 675 1289 739; x_wconf 73' lang='lat' dir='ltr'>vi..</span> 
     </span>
    </p>
   </div>
   <div class='ocr_carea' id='block_1_4' title="bbox 236 766 1296 4073">
    <p class='ocr_par' dir='ltr' id='par_1_4' title="bbox 312 766 1289 943">
     <span class='ocr_line' id='line_1_4' title="bbox 315 766 1289 860; baseline 0.005 -23"><span class='ocrx_word' id='word_1_18' title='bbox 315 771 454 846; x_wconf 87' lang='lat' dir='ltr'><strong>dentur,</strong></span> <span class='ocrx_word' id='word_1_19' title='bbox 487 786 665 853; x_wconf 76' lang='lat' dir='ltr'><strong>metimque</strong></span> <span class='ocrx_word' id='word_1_20' title='bbox 688 766 834 833; x_wconf 89' lang='lat' dir='ltr'><strong>animum</strong></span> <span class='ocrx_word' id='word_1_21' title='bbox 853 770 988 836; x_wconf 83' lang='lat' dir='ltr'><strong>molesto</strong></span> <span class='ocrx_word' id='word_1_22' title='bbox 1014 774 1161 860; x_wconf 78' lang='lat' dir='ltr'><strong>quodam</strong></span> <span class='ocrx_word' id='word_1_23' title='bbox 1191 776 1289 845; x_wconf 84' lang='lat' dir='ltr'><strong>sensu</strong></span> 
     </span>
     <span class='ocr_line' id='line_1_5' title="bbox 312 877 471 943; baseline -0.038 0"><span class='ocrx_word' id='word_1_24' title='bbox 312 877 471 943; x_wconf 76' lang='lat' dir='ltr'><strong>afficiunt.</strong></span> 
     </span>
    </p>

    <p class='ocr_par' dir='ltr' id='par_1_5' title="bbox 236 983 1296 3640">
     <span class='ocr_line' id='line_1_6' title="bbox 355 983 1289 1077; baseline 0.009 -28"><span class='ocrx_word' id='word_1_25' title='bbox 355 987 468 1067; x_wconf 83' lang='lat' dir='ltr'><strong>Qumn</strong></span> <span class='ocrx_word' id='word_1_26' title='bbox 499 992 610 1048; x_wconf 89' lang='lat' dir='ltr'><strong>autem</strong></span> <span class='ocrx_word' id='word_1_27' title='bbox 646 983 800 1049; x_wconf 89' lang='lat' dir='ltr'><strong>disertam</strong></span> <span class='ocrx_word' id='word_1_28' title='bbox 838 986 950 1053; x_wconf 88' lang='lat' dir='ltr'><strong>iudicii</strong></span> <span class='ocrx_word' id='word_1_29' title='bbox 986 990 1239 1077; x_wconf 72' lang='lat' dir='ltr'><strong>explicationem</strong></span> <span class='ocrx_word' id='word_1_30' title='bbox 1267 1016 1289 1064; x_wconf 87' lang='lat' dir='ltr'><strong>a</strong></span> 
     </span>
     <span class='ocr_line' id='line_1_7' title="bbox 236 1086 1291 1179; baseline 0.008 -20"><span class='ocrx_word' id='word_1_31' title='bbox 236 1086 239 1091; x_wconf 69' lang='grc'><strong>’</strong></span> <span class='ocrx_word' id='word_1_32' title='bbox 314 1094 475 1179; x_wconf 72' lang='grc' dir='ltr'><strong>ιοήριαο</strong></span> <span class='ocrx_word' id='word_1_33' title='bbox 489 1090 581 1155; x_wconf 88' lang='lat' dir='ltr'><strong>haud</strong></span> <span class='ocrx_word' id='word_1_34' title='bbox 601 1112 669 1156; x_wconf 87' lang='lat' dir='ltr'><strong>esse</strong></span> <span class='ocrx_word' id='word_1_35' title='bbox 689 1094 923 1179; x_wconf 85' lang='lat' dir='ltr'><strong>apponendam</strong></span> <span class='ocrx_word' id='word_1_36' title='bbox 943 1116 1067 1175; x_wconf 86' lang='lat' dir='ltr'><strong>censeo,</strong></span> <span class='ocrx_word' id='word_1_37' title='bbox 1091 1116 1160 1163; x_wconf 90' lang='lat' dir='ltr'><strong>non</strong></span> <span class='ocrx_word' id='word_1_38' title='bbox 1180 1109 1291 1167; x_wconf 84' lang='lat' dir='ltr'><strong>tamen</strong></span> 
     </span>
     <span class='ocr_line' id='line_1_8' title="bbox 314 1197 1294 1290; baseline 0.006 -23"><span class='ocrx_word' id='word_1_39' title='bbox 314 1199 399 1267; x_wconf 89' lang='lat' dir='ltr'><strong>illud</strong></span> <span class='ocrx_word' id='word_1_40' title='bbox 430 1198 527 1275; x_wconf 90' lang='lat' dir='ltr'><strong>dico,</strong></span> <span class='ocrx_word' id='word_1_41' title='bbox 561 1197 643 1263; x_wconf 83' lang='lat' dir='ltr'>nihil</span> <span class='ocrx_word' id='word_1_42' title='bbox 671 1200 803 1263; x_wconf 86' lang='lat' dir='ltr'><strong>omnino</strong></span> <span class='ocrx_word' id='word_1_43' title='bbox 835 1200 878 1265; x_wconf 85' lang='lat' dir='ltr'><strong>de</strong></span> <span class='ocrx_word' id='word_1_44' title='bbox 905 1200 1002 1267; x_wconf 87' lang='lat' dir='ltr'><strong>rebus</strong></span> <span class='ocrx_word' id='word_1_45' title='bbox 1025 1204 1118 1290; x_wconf 77' lang='lat' dir='ltr'><strong>gestia</strong></span> <span class='ocrx_word' id='word_1_46' title='bbox 1140 1206 1294 1274; x_wconf 81' lang='lat' dir='ltr'><strong>iudicare</strong></span> 
     </span>
     <span class='ocr_line' id='line_1_9' title="bbox 312 1305 1291 1401; baseline 0.008 -29"><span class='ocrx_word' id='word_1_47' title='bbox 312 1306 502 1372; x_wconf 63' lang='lat' dir='ltr'><strong>amomum</strong></span> <span class='ocrx_word' id='word_1_48' title='bbox 521 1314 684 1391; x_wconf 78' lang='lat' dir='ltr'><strong>oportere.</strong></span> <span class='ocrx_word' id='word_1_49' title='bbox 730 1305 795 1369; x_wconf 86' lang='lat' dir='ltr'><strong>Sed</strong></span> <span class='ocrx_word' id='word_1_50' title='bbox 816 1305 902 1384; x_wconf 90' lang='lat' dir='ltr'><strong>hoc,</strong></span> <span class='ocrx_word' id='word_1_51' title='bbox 927 1309 1045 1387; x_wconf 86' lang='lat' dir='ltr'><strong>credo,</strong></span> <span class='ocrx_word' id='word_1_52' title='bbox 1070 1321 1101 1375; x_wconf 92' lang='lat' dir='ltr'><strong>et</strong></span> <span class='ocrx_word' id='word_1_53' title='bbox 1131 1332 1235 1401; x_wconf 86' lang='lat' dir='ltr'><strong>aeque</strong></span> <span class='ocrx_word' id='word_1_54' title='bbox 1256 1326 1291 1380; x_wconf 82' lang='lat' dir='ltr'><strong>ct</strong></span> 
     </span>
     <span class='ocr_line' id='line_1_10' title="bbox 312 1411 1291 1502; baseline 0.007 -23"><span class='ocrx_word' id='word_1_55' title='bbox 312 1414 384 1479; x_wconf 87' lang='lat' dir='ltr'><strong>iure</strong></span> <span class='ocrx_word' id='word_1_56' title='bbox 402 1411 604 1499; x_wconf 75' lang='lat' dir='ltr'><strong>postulatur,</strong></span> <span class='ocrx_word' id='word_1_57' title='bbox 639 1421 676 1475; x_wconf 91' lang='lat' dir='ltr'><strong>ut</strong></span> <span class='ocrx_word' id='word_1_58' title='bbox 697 1421 772 1475; x_wconf 88' lang='lat' dir='ltr'><strong>ante</strong></span> <span class='ocrx_word' id='word_1_59' title='bbox 792 1412 1000 1479; x_wconf 60' lang='lat' dir='ltr'><strong>scabendum</strong></span> <span class='ocrx_word' id='word_1_60' title='bbox 1020 1438 1121 1502; x_wconf 89' lang='lat' dir='ltr'><strong>quam</strong></span> <span class='ocrx_word' id='word_1_61' title='bbox 1149 1440 1291 1486; x_wconf 84' lang='lat' dir='ltr'><strong>accura-</strong></span> 
     </span>
     <span class='ocr_line' id='line_1_11' title="bbox 315 1516 1292 1607; baseline 0.014 -27"><span class='ocrx_word' id='word_1_62' title='bbox 315 1519 431 1585; x_wconf 63' lang='lat' dir='ltr'><strong>mnne</strong></span> <span class='ocrx_word' id='word_1_63' title='bbox 448 1516 577 1604; x_wconf 74' lang='lat' dir='ltr'><strong>a&#39;ugula</strong></span> <span class='ocrx_word' id='word_1_64' title='bbox 597 1517 781 1602; x_wconf 83' lang='lat' dir='ltr'><strong>expendat,</strong></span> <span class='ocrx_word' id='word_1_65' title='bbox 805 1522 1007 1607; x_wconf 75' lang='lat' dir='ltr'><strong>propositam</strong></span> <span class='ocrx_word' id='word_1_66' title='bbox 1026 1544 1104 1589; x_wconf 87' lang='lat' dir='ltr'><strong>vero</strong></span> <span class='ocrx_word' id='word_1_67' title='bbox 1127 1530 1292 1593; x_wconf 87' lang='lat' dir='ltr'><strong>narratio·</strong></span> 
     </span>
     <span class='ocr_line' id='line_1_12' title="bbox 316 1625 1294 1721; baseline -0.006 -28"><span class='ocrx_word' id='word_1_68' title='bbox 316 1648 393 1693; x_wconf 84' lang='lat' dir='ltr'><strong>acm</strong></span> <span class='ocrx_word' id='word_1_69' title='bbox 422 1628 470 1689; x_wconf 88' lang='lat' dir='ltr'><strong>ita</strong></span> <span class='ocrx_word' id='word_1_70' title='bbox 500 1625 666 1702; x_wconf 88' lang='lat' dir='ltr'><strong>instituat,</strong></span> <span class='ocrx_word' id='word_1_71' title='bbox 698 1634 736 1689; x_wconf 92' lang='lat' dir='ltr'><strong>ut</strong></span> <span class='ocrx_word' id='word_1_72' title='bbox 758 1626 828 1711; x_wconf 88' lang='lat' dir='ltr'><strong>ipsu</strong></span> <span class='ocrx_word' id='word_1_73' title='bbox 851 1647 912 1713; x_wconf 89' lang='lat' dir='ltr'><strong>per</strong></span> <span class='ocrx_word' id='word_1_74' title='bbox 931 1650 984 1706; x_wconf 86' lang='lat' dir='ltr'><strong>sc,</strong></span> <span class='ocrx_word' id='word_1_75' title='bbox 1018 1632 1125 1717; x_wconf 78' lang='lat' dir='ltr'><strong>»quid</strong></span> <span class='ocrx_word' id='word_1_76' title='bbox 1145 1635 1185 1697; x_wconf 70' lang='lat' dir='ltr'><strong>sit</strong></span> <span class='ocrx_word' id='word_1_77' title='bbox 1212 1637 1294 1721; x_wconf 77' lang='lat' dir='ltr'><strong>pul.</strong></span> 
     </span>
     <span class='ocr_line' id='line_1_13' title="bbox 318 1732 1292 1819; baseline 0.015 -27"><span class='ocrx_word' id='word_1_78' title='bbox 318 1754 457 1809; x_wconf 65' lang='lat' dir='ltr'><strong>annun,</strong></span> <span class='ocrx_word' id='word_1_79' title='bbox 491 1732 575 1817; x_wconf 88' lang='lat' dir='ltr'><strong>quid</strong></span> <span class='ocrx_word' id='word_1_80' title='bbox 594 1742 712 1818; x_wconf 86' lang='lat' dir='ltr'><strong>turpe,</strong></span> <span class='ocrx_word' id='word_1_81' title='bbox 737 1732 820 1816; x_wconf 91' lang='lat' dir='ltr'><strong>quid</strong></span> <span class='ocrx_word' id='word_1_82' title='bbox 842 1734 941 1809; x_wconf 87' lang='lat' dir='ltr'><strong>utile,</strong></span> <span class='ocrx_word' id='word_1_83' title='bbox 967 1736 1049 1819; x_wconf 89' lang='lat' dir='ltr'><strong>quid</strong></span> <span class='ocrx_word' id='word_1_84' title='bbox 1069 1756 1156 1815; x_wconf 84' lang='lat' dir='ltr'><strong>non,</strong></span> <span class='ocrx_word' id='word_1_85' title='bbox 1171 1740 1190 1768; x_wconf 83' lang='lat'><strong>&#39;’</strong></span> <span class='ocrx_word' id='word_1_86' title='bbox 1213 1743 1292 1807; x_wconf 79' lang='lat' dir='ltr'><strong>satis</strong></span> 
     </span>
     <span class='ocr_line' id='line_1_14' title="bbox 316 1837 1294 1932; baseline 0.012 -30"><span class='ocrx_word' id='word_1_87' title='bbox 316 1840 484 1907; x_wconf 70' lang='lat' dir='ltr'><strong>mdeste</strong></span> <span class='ocrx_word' id='word_1_88' title='bbox 513 1837 669 1902; x_wconf 86' lang='lat' dir='ltr'><strong>declaret.</strong></span> <span class='ocrx_word' id='word_1_89' title='bbox 713 1837 764 1901; x_wconf 78' lang='lat' dir='ltr'><strong>Ac</strong></span> <span class='ocrx_word' id='word_1_90' title='bbox 794 1837 896 1903; x_wconf 85' lang='lat' dir='ltr'><strong>veluti</strong></span> <span class='ocrx_word' id='word_1_91' title='bbox 920 1838 1067 1905; x_wconf 89' lang='lat' dir='ltr'><strong>tabulata</strong></span> <span class='ocrx_word' id='word_1_92' title='bbox 1088 1843 1164 1922; x_wconf 85' lang='lat' dir='ltr'><strong>illa,</strong></span> <span class='ocrx_word' id='word_1_93' title='bbox 1201 1868 1294 1932; x_wconf 87' lang='lat' dir='ltr'><strong>quae</strong></span> 
     </span>
     <span class='ocr_line' id='line_1_15' title="bbox 316 1945 1293 2030; baseline 0.003 -15"><span class='ocrx_word' id='word_1_94' title='bbox 316 1947 448 2015; x_wconf 79' lang='lat' dir='ltr'><strong>aediram</strong></span> <span class='ocrx_word' id='word_1_95' title='bbox 466 1945 734 2012; x_wconf 70' lang='lat' dir='ltr'><strong>mnruendamm</strong></span> <span class='ocrx_word' id='word_1_96' title='bbox 752 1966 850 2013; x_wconf 81' lang='lat' dir='ltr'><strong>causa</strong></span> <span class='ocrx_word' id='word_1_97' title='bbox 872 1948 1028 2017; x_wconf 86' lang='lat' dir='ltr'><strong>collocari</strong></span> <span class='ocrx_word' id='word_1_98' title='bbox 1051 1951 1169 2030; x_wconf 83' lang='lat' dir='ltr'><strong>solent,</strong></span> <span class='ocrx_word' id='word_1_99' title='bbox 1194 1953 1293 2018; x_wconf 85' lang='lat' dir='ltr'><strong>abso·</strong></span> 
     </span>
     <span class='ocr_line' id='line_1_16' title="bbox 315 2052 1294 2139; baseline 0.002 -20"><span class='ocrx_word' id='word_1_100' title='bbox 315 2058 387 2121; x_wconf 85' lang='lat' dir='ltr'><strong>luto</strong></span> <span class='ocrx_word' id='word_1_101' title='bbox 411 2052 610 2119; x_wconf 86' lang='lat' dir='ltr'><strong>aedificandi</strong></span> <span class='ocrx_word' id='word_1_102' title='bbox 629 2070 730 2139; x_wconf 88' lang='lat' dir='ltr'><strong>opere</strong></span> <span class='ocrx_word' id='word_1_103' title='bbox 762 2074 871 2119; x_wconf 83' lang='lat' dir='ltr'><strong>rursus</strong></span> <span class='ocrx_word' id='word_1_104' title='bbox 892 2054 1121 2122; x_wconf 84' lang='lat' dir='ltr'><strong>destruuntur:</strong></span> <span class='ocrx_word' id='word_1_105' title='bbox 1154 2057 1200 2121; x_wconf 90' lang='lat' dir='ltr'><strong>sic</strong></span> <span class='ocrx_word' id='word_1_106' title='bbox 1228 2059 1294 2121; x_wconf 82' lang='lat' dir='ltr'><strong>cri·</strong></span> 
     </span>
     <span class='ocr_line' id='line_1_17' title="bbox 315 2157 1294 2249; baseline 0.005 -25"><span class='ocrx_word' id='word_1_107' title='bbox 315 2161 382 2225; x_wconf 87' lang='lat' dir='ltr'><strong>tica</strong></span> <span class='ocrx_word' id='word_1_108' title='bbox 410 2157 557 2222; x_wconf 79' lang='lat' dir='ltr'><strong>historici</strong></span> <span class='ocrx_word' id='word_1_109' title='bbox 590 2157 730 2223; x_wconf 82' lang='lat' dir='ltr'><strong>facultas</strong></span> <span class='ocrx_word' id='word_1_110' title='bbox 760 2160 859 2225; x_wconf 87' lang='lat' dir='ltr'><strong>rebus</strong></span> <span class='ocrx_word' id='word_1_111' title='bbox 889 2164 1023 2247; x_wconf 87' lang='lat' dir='ltr'><strong>quidem</strong></span> <span class='ocrx_word' id='word_1_112' title='bbox 1060 2164 1294 2249; x_wconf 88' lang='lat' dir='ltr'><strong>componendis</strong></span> 
     </span>
     <span class='ocr_line' id='line_1_18' title="bbox 317 2264 1295 2359; baseline 0.008 -30"><span class='ocrx_word' id='word_1_113' title='bbox 317 2275 419 2351; x_wconf 86' lang='lat' dir='ltr'><strong>atque</strong></span> <span class='ocrx_word' id='word_1_114' title='bbox 437 2264 636 2328; x_wconf 74' lang='lat' dir='ltr'><strong>illustrandis</strong></span> <span class='ocrx_word' id='word_1_115' title='bbox 652 2268 823 2346; x_wconf 77' lang='lat' dir='ltr'><strong>inserviat,</strong></span> <span class='ocrx_word' id='word_1_116' title='bbox 848 2272 1023 2359; x_wconf 86' lang='lat' dir='ltr'><strong>omniaque</strong></span> <span class='ocrx_word' id='word_1_117' title='bbox 1045 2274 1192 2351; x_wconf 89' lang='lat' dir='ltr'><strong>ordinet,</strong></span> <span class='ocrx_word' id='word_1_118' title='bbox 1215 2273 1295 2337; x_wconf 85' lang='lat' dir='ltr'><strong>diri·</strong></span> 
     </span>
     <span class='ocr_line' id='line_1_19' title="bbox 319 2373 1295 2469; baseline 0.007 -31"><span class='ocrx_word' id='word_1_119' title='bbox 319 2384 397 2463; x_wconf 70' lang='lat' dir='ltr'><strong>gat,</strong></span> <span class='ocrx_word' id='word_1_120' title='bbox 431 2373 592 2461; x_wconf 85' lang='lat' dir='ltr'><strong>explicet,</strong></span> <span class='ocrx_word' id='word_1_121' title='bbox 624 2375 847 2462; x_wconf 87' lang='lat' dir='ltr'><strong>sedperfecto</strong></span> <span class='ocrx_word' id='word_1_122' title='bbox 870 2399 969 2464; x_wconf 84' lang='lat' dir='ltr'><strong>opere</strong></span> <span class='ocrx_word' id='word_1_123' title='bbox 988 2399 1055 2443; x_wconf 89' lang='lat' dir='ltr'><strong>non</strong></span> <span class='ocrx_word' id='word_1_124' title='bbox 1077 2384 1216 2469; x_wconf 87' lang='lat' dir='ltr'><strong>amplius</strong></span> <span class='ocrx_word' id='word_1_125' title='bbox 1234 2402 1295 2445; x_wconf 88' lang='lat' dir='ltr'><strong>suo</strong></span> 
     </span>
     <span class='ocr_line' id='line_1_20' title="bbox 320 2483 1294 2569; baseline 0.002 -19"><span class='ocrx_word' id='word_1_126' title='bbox 320 2505 399 2550; x_wconf 88' lang='lat' dir='ltr'><strong>cum</strong></span> <span class='ocrx_word' id='word_1_127' title='bbox 424 2492 586 2568; x_wconf 88' lang='lat' dir='ltr'><strong>apparatu</strong></span> <span class='ocrx_word' id='word_1_128' title='bbox 607 2483 642 2545; x_wconf 92' lang='lat' dir='ltr'><strong>in</strong></span> <span class='ocrx_word' id='word_1_129' title='bbox 662 2485 770 2546; x_wconf 84' lang='lat' dir='ltr'><strong>lucem</strong></span> <span class='ocrx_word' id='word_1_130' title='bbox 788 2485 936 2569; x_wconf 87' lang='lat' dir='ltr'><strong>prodeat.</strong></span> <span class='ocrx_word' id='word_1_131' title='bbox 984 2487 1068 2550; x_wconf 87' lang='lat' dir='ltr'><strong>Vere</strong></span> <span class='ocrx_word' id='word_1_132' title='bbox 1089 2489 1174 2551; x_wconf 84' lang='lat' dir='ltr'><strong>enirn</strong></span> <span class='ocrx_word' id='word_1_133' title='bbox 1200 2508 1294 2552; x_wconf 88' lang='lat' dir='ltr'><strong>com-</strong></span> 
     </span>
     <span class='ocr_line' id='line_1_21' title="bbox 321 2587 1295 2683; baseline 0.009 -31"><span class='ocrx_word' id='word_1_134' title='bbox 321 2600 458 2679; x_wconf 85' lang='lat' dir='ltr'><strong>paratur</strong></span> <span class='ocrx_word' id='word_1_135' title='bbox 486 2587 657 2650; x_wconf 90' lang='lat' dir='ltr'><strong>historicus</strong></span> <span class='ocrx_word' id='word_1_136' title='bbox 687 2608 765 2651; x_wconf 90' lang='lat' dir='ltr'><strong>cum</strong></span> <span class='ocrx_word' id='word_1_137' title='bbox 795 2591 941 2675; x_wconf 87' lang='lat' dir='ltr'><strong>pictore,</strong></span> <span class='ocrx_word' id='word_1_138' title='bbox 976 2593 1056 2678; x_wconf 90' lang='lat' dir='ltr'><strong>qui,</strong></span> <span class='ocrx_word' id='word_1_139' title='bbox 1092 2604 1128 2658; x_wconf 91' lang='lat' dir='ltr'><strong>ut</strong></span> <span class='ocrx_word' id='word_1_140' title='bbox 1166 2594 1295 2683; x_wconf 78' lang='lat' dir='ltr'><strong>singula</strong></span> 
     </span>
     <span class='ocr_line' id='line_1_22' title="bbox 317 2693 1294 2787; baseline 0.007 -26"><span class='ocrx_word' id='word_1_141' title='bbox 317 2693 555 2787; x_wconf 83' lang='lat' dir='ltr'><strong>spectatoribus</strong></span> <span class='ocrx_word' id='word_1_142' title='bbox 585 2694 668 2759; x_wconf 88' lang='lat' dir='ltr'><strong>fiant</strong></span> <span class='ocrx_word' id='word_1_143' title='bbox 699 2699 894 2785; x_wconf 81' lang='lat' dir='ltr'><strong>perspicua,</strong></span> <span class='ocrx_word' id='word_1_144' title='bbox 929 2720 995 2765; x_wconf 87' lang='lat' dir='ltr'><strong>non</strong></span> <span class='ocrx_word' id='word_1_145' title='bbox 1015 2702 1084 2787; x_wconf 88' lang='lat' dir='ltr'><strong>ipse</strong></span> <span class='ocrx_word' id='word_1_146' title='bbox 1115 2702 1150 2766; x_wconf 89' lang='lat' dir='ltr'><strong>in</strong></span> <span class='ocrx_word' id='word_1_147' title='bbox 1181 2702 1294 2769; x_wconf 87' lang='lat' dir='ltr'><strong>tabula</strong></span> 
     </span>
     <span class='ocr_line' id='line_1_23' title="bbox 318 2808 1294 2896; baseline 0.003 -23"><span class='ocrx_word' id='word_1_148' title='bbox 318 2808 595 2873; x_wconf 83' lang='lat' dir='ltr'><strong>demonstraturus</strong></span> <span class='ocrx_word' id='word_1_149' title='bbox 609 2816 768 2894; x_wconf 84' lang='lat' dir='ltr'><strong>apparat,</strong></span> <span class='ocrx_word' id='word_1_150' title='bbox 793 2808 848 2871; x_wconf 86' lang='lat' dir='ltr'><strong>scd</strong></span> <span class='ocrx_word' id='word_1_151' title='bbox 869 2809 914 2871; x_wconf 86' lang='lat' dir='ltr'><strong>ita</strong></span> <span class='ocrx_word' id='word_1_152' title='bbox 938 2808 1067 2874; x_wconf 82' lang='lat' dir='ltr'><strong>exhibet</strong></span> <span class='ocrx_word' id='word_1_153' title='bbox 1083 2832 1294 2896; x_wconf 89' lang='lat' dir='ltr'><strong>personarum</strong></span> 
     </span>
     <span class='ocr_line' id='line_1_24' title="bbox 321 2912 1293 3002; baseline -0.002 -16"><span class='ocrx_word' id='word_1_154' title='bbox 321 2920 450 2999; x_wconf 84' lang='lat' dir='ltr'><strong>vultus,</strong></span> <span class='ocrx_word' id='word_1_155' title='bbox 474 2937 554 2993; x_wconf 87' lang='lat' dir='ltr'><strong>ora,</strong></span> <span class='ocrx_word' id='word_1_156' title='bbox 581 2925 703 3002; x_wconf 73' lang='lat' dir='ltr'><strong>gestus,</strong></span> <span class='ocrx_word' id='word_1_157' title='bbox 730 2915 899 2992; x_wconf 83' lang='lat' dir='ltr'><strong>habitum,</strong></span> <span class='ocrx_word' id='word_1_158' title='bbox 925 2916 1102 3001; x_wconf 85' lang='lat' dir='ltr'><strong>atquibus</strong></span> <span class='ocrx_word' id='word_1_159' title='bbox 1122 2920 1220 2983; x_wconf 90' lang='lat' dir='ltr'><strong>animi</strong></span> <span class='ocrx_word' id='word_1_160' title='bbox 1242 2912 1293 2983; x_wconf 85' lang='lat' dir='ltr'><strong>at&#39;-&#39;</strong></span> 
     </span>
     <span class='ocr_line' id='line_1_25' title="bbox 322 3023 1295 3109; baseline -0.004 -16"><span class='ocrx_word' id='word_1_161' title='bbox 322 3028 463 3093; x_wconf 79' lang='lat' dir='ltr'><strong>lectibus</strong></span> <span class='ocrx_word' id='word_1_162' title='bbox 486 3042 552 3088; x_wconf 86' lang='lat' dir='ltr'><strong>esse</strong></span> <span class='ocrx_word' id='word_1_163' title='bbox 572 3024 756 3109; x_wconf 79' lang='lat' dir='ltr'><strong>fingantur,</strong></span> <span class='ocrx_word' id='word_1_164' title='bbox 781 3023 1121 3107; x_wconf 84' lang='lat' dir='ltr'><strong>sponteintelligatur;</strong></span> <span class='ocrx_word' id='word_1_165' title='bbox 1147 3036 1203 3089; x_wconf 89' lang='lat' dir='ltr'><strong>aut</strong></span> <span class='ocrx_word' id='word_1_166' title='bbox 1220 3046 1295 3089; x_wconf 84' lang='lat' dir='ltr'><strong>rur·</strong></span> 
     </span>
     <span class='ocr_line' id='line_1_26' title="bbox 323 3127 1296 3212; baseline 0.003 -20"><span class='ocrx_word' id='word_1_167' title='bbox 323 3154 377 3195; x_wconf 84' lang='lat' dir='ltr'><strong>aus</strong></span> <span class='ocrx_word' id='word_1_168' title='bbox 394 3151 471 3192; x_wconf 87' lang='lat' dir='ltr'><strong>cum</strong></span> <span class='ocrx_word' id='word_1_169' title='bbox 490 3138 587 3212; x_wconf 84' lang='lat' dir='ltr'><strong>poeta</strong></span> <span class='ocrx_word' id='word_1_170' title='bbox 610 3129 812 3199; x_wconf 83' lang='lat' dir='ltr'><strong>dramatico,</strong></span> <span class='ocrx_word' id='word_1_171' title='bbox 837 3129 915 3207; x_wconf 90' lang='lat' dir='ltr'><strong>qui,</strong></span> <span class='ocrx_word' id='word_1_172' title='bbox 951 3127 1031 3185; x_wconf 87' lang='lat' dir='ltr'><strong>dum</strong></span> <span class='ocrx_word' id='word_1_173' title='bbox 1054 3130 1179 3191; x_wconf 85' lang='lat' dir='ltr'><strong>virtutis</strong></span> <span class='ocrx_word' id='word_1_174' title='bbox 1198 3132 1296 3195; x_wconf 84' lang='lat' dir='ltr'><strong>vitio-</strong></span> 
     </span>
     <span class='ocr_line' id='line_1_27' title="bbox 322 3227 1294 3316; baseline 0.019 -32"><span class='ocrx_word' id='word_1_175' title='bbox 322 3250 463 3316; x_wconf 73' lang='lat' dir='ltr'><strong>mmque</strong></span> <span class='ocrx_word' id='word_1_176' title='bbox 493 3228 670 3313; x_wconf 86' lang='lat' dir='ltr'><strong>specimina</strong></span> <span class='ocrx_word' id='word_1_177' title='bbox 701 3227 863 3305; x_wconf 84' lang='lat' dir='ltr'><strong>ostendit,</strong></span> <span class='ocrx_word' id='word_1_178' title='bbox 898 3248 1003 3315; x_wconf 89' lang='lat' dir='ltr'><strong>eaque</strong></span> <span class='ocrx_word' id='word_1_179' title='bbox 1028 3233 1093 3297; x_wconf 89' lang='lat' dir='ltr'><strong>sive</strong></span> <span class='ocrx_word' id='word_1_180' title='bbox 1115 3228 1294 3316; x_wconf 85' lang='lat' dir='ltr'><strong>imitanda,</strong></span> 
     </span>
     <span class='ocr_line' id='line_1_28' title="bbox 323 3332 1296 3427; baseline 0.004 -22"><span class='ocrx_word' id='word_1_181' title='bbox 323 3340 405 3422; x_wconf 49' lang='lat' dir='ltr'><strong>sire⁸</strong></span> <span class='ocrx_word' id='word_1_182' title='bbox 419 3334 573 3423; x_wconf 79' lang='lat' dir='ltr'><strong>fugienda</strong></span> <span class='ocrx_word' id='word_1_183' title='bbox 595 3332 769 3419; x_wconf 87' lang='lat' dir='ltr'><strong>proponit,</strong></span> <span class='ocrx_word' id='word_1_184' title='bbox 804 3354 870 3398; x_wconf 86' lang='lat' dir='ltr'><strong>non</strong></span> <span class='ocrx_word' id='word_1_185' title='bbox 901 3345 1010 3401; x_wconf 86' lang='lat' dir='ltr'><strong>tamen</strong></span> <span class='ocrx_word' id='word_1_186' title='bbox 1036 3340 1104 3426; x_wconf 88' lang='lat' dir='ltr'><strong>ipse</strong></span> <span class='ocrx_word' id='word_1_187' title='bbox 1129 3342 1239 3427; x_wconf 85' lang='lat' dir='ltr'><strong>prodit</strong></span> <span class='ocrx_word' id='word_1_188' title='bbox 1261 3347 1296 3410; x_wconf 88' lang='lat' dir='ltr'><strong>in</strong></span> 
     </span>
     <span class='ocr_line' id='line_1_29' title="bbox 323 3440 1296 3521; baseline 0.004 -12"><span class='ocrx_word' id='word_1_189' title='bbox 323 3466 474 3521; x_wconf 82' lang='lat' dir='ltr'><strong>scenam,</strong></span> <span class='ocrx_word' id='word_1_190' title='bbox 510 3453 547 3506; x_wconf 92' lang='lat' dir='ltr'><strong>ut</strong></span> <span class='ocrx_word' id='word_1_191' title='bbox 567 3440 698 3506; x_wconf 79' lang='lat' dir='ltr'><strong>tabulae</strong></span> <span class='ocrx_word' id='word_1_192' title='bbox 723 3464 799 3507; x_wconf 88' lang='lat' dir='ltr'><strong>suae</strong></span> <span class='ocrx_word' id='word_1_193' title='bbox 822 3448 1088 3511; x_wconf 87' lang='lat' dir='ltr'><strong>commentarium</strong></span> <span class='ocrx_word' id='word_1_194' title='bbox 1118 3449 1217 3513; x_wconf 88' lang='lat' dir='ltr'><strong>addat</strong></span> <span class='ocrx_word' id='word_1_195' title='bbox 1238 3453 1296 3514; x_wconf 83' lang='lat' dir='ltr'><strong>aut</strong></span> 
     </span>
     <span class='ocr_line' id='line_1_30' title="bbox 326 3552 634 3640; baseline -0.023 -19"><span class='ocrx_word' id='word_1_196' title='bbox 326 3552 634 3640; x_wconf 82' lang='lat' dir='ltr'><strong>interpretationem.</strong></span> 
     </span>
    </p>

    <p class='ocr_par' dir='ltr' id='par_1_6' title="bbox 326 3663 1296 4073">
     <span class='ocr_line' id='line_1_31' title="bbox 366 3663 1295 3750; baseline 0.003 -23"><span class='ocrx_word' id='word_1_197' title='bbox 366 3664 417 3727; x_wconf 80' lang='lat' dir='ltr'><strong>Ac</strong></span> <span class='ocrx_word' id='word_1_198' title='bbox 437 3685 480 3728; x_wconf 89' lang='lat' dir='ltr'><strong>ne</strong></span> <span class='ocrx_word' id='word_1_199' title='bbox 500 3665 665 3727; x_wconf 88' lang='lat' dir='ltr'><strong>incurram</strong></span> <span class='ocrx_word' id='word_1_200' title='bbox 685 3664 720 3727; x_wconf 89' lang='lat' dir='ltr'><strong>in</strong></span> <span class='ocrx_word' id='word_1_201' title='bbox 741 3663 827 3727; x_wconf 89' lang='lat' dir='ltr'><strong>hanc</strong></span> <span class='ocrx_word' id='word_1_202' title='bbox 850 3666 1109 3742; x_wconf 81' lang='lat' dir='ltr'><strong>accusationem,</strong></span> <span class='ocrx_word' id='word_1_203' title='bbox 1142 3666 1234 3750; x_wconf 91' lang='lat' dir='ltr'><strong>quod</strong></span> <span class='ocrx_word' id='word_1_204' title='bbox 1255 3688 1295 3731; x_wconf 88' lang='lat' dir='ltr'><strong>ea</strong></span> 
     </span>
     <span class='ocr_line' id='line_1_32' title="bbox 328 3769 1296 3857; baseline 0.004 -24"><span class='ocrx_word' id='word_1_205' title='bbox 328 3769 371 3833; x_wconf 88' lang='lat' dir='ltr'><strong>ab</strong></span> <span class='ocrx_word' id='word_1_206' title='bbox 381 3769 536 3834; x_wconf 87' lang='lat' dir='ltr'><strong>historico</strong></span> <span class='ocrx_word' id='word_1_207' title='bbox 552 3770 715 3857; x_wconf 77' lang='lat' dir='ltr'><strong>flagitem,</strong></span> <span class='ocrx_word' id='word_1_208' title='bbox 742 3790 829 3854; x_wconf 88' lang='lat' dir='ltr'><strong>quae</strong></span> <span class='ocrx_word' id='word_1_209' title='bbox 847 3770 962 3855; x_wconf 87' lang='lat' dir='ltr'><strong>perfici</strong></span> <span class='ocrx_word' id='word_1_210' title='bbox 978 3781 1163 3856; x_wconf 85' lang='lat' dir='ltr'><strong>nequeant,</strong></span> <span class='ocrx_word' id='word_1_211' title='bbox 1189 3793 1296 3837; x_wconf 84' lang='lat' dir='ltr'><strong>exem-</strong></span> 
     </span>
     <span class='ocr_line' id='line_1_33' title="bbox 326 3876 1295 3967; baseline 0.004 -26"><span class='ocrx_word' id='word_1_212' title='bbox 326 3878 419 3966; x_wconf 88' lang='lat' dir='ltr'><strong>plum</strong></span> <span class='ocrx_word' id='word_1_213' title='bbox 447 3878 584 3963; x_wconf 89' lang='lat' dir='ltr'><strong>aliquod</strong></span> <span class='ocrx_word' id='word_1_214' title='bbox 606 3876 806 3940; x_wconf 85' lang='lat' dir='ltr'><strong>afferendum</strong></span> <span class='ocrx_word' id='word_1_215' title='bbox 833 3889 898 3953; x_wconf 90' lang='lat' dir='ltr'><strong>est,</strong></span> <span class='ocrx_word' id='word_1_216' title='bbox 935 3899 1002 3963; x_wconf 89' lang='lat' dir='ltr'><strong>quo</strong></span> <span class='ocrx_word' id='word_1_217' title='bbox 1028 3890 1158 3965; x_wconf 88' lang='lat' dir='ltr'><strong>pateat,</strong></span> <span class='ocrx_word' id='word_1_218' title='bbox 1193 3882 1295 3967; x_wconf 89' lang='lat' dir='ltr'><strong>ipsam</strong></span> 
     </span>
     <span class='ocr_line' id='line_1_34' title="bbox 327 3984 1294 4073; baseline -0.001 -20"><span class='ocrx_word' id='word_1_219' title='bbox 327 3986 564 4062; x_wconf 86' lang='lat' dir='ltr'><strong>narrationem,</strong></span> <span class='ocrx_word' id='word_1_220' title='bbox 600 3984 651 4049; x_wconf 83' lang='lat' dir='ltr'><strong>vel</strong></span> <span class='ocrx_word' id='word_1_221' title='bbox 672 4004 739 4049; x_wconf 87' lang='lat' dir='ltr'><strong>non</strong></span> <span class='ocrx_word' id='word_1_222' title='bbox 766 3995 918 4053; x_wconf 85' lang='lat' dir='ltr'><strong>monente</strong></span> <span class='ocrx_word' id='word_1_223' title='bbox 949 3988 1124 4073; x_wconf 88' lang='lat' dir='ltr'><strong>scriptore,</strong></span> <span class='ocrx_word' id='word_1_224' title='bbox 1160 3991 1233 4054; x_wconf 87' lang='lat' dir='ltr'><strong>satis</strong></span> <span class='ocrx_word' id='word_1_225' title='bbox 1264 4000 1294 4052; x_wconf 83' lang='lat' dir='ltr'><strong>at</strong></span> 
     </span>
    </p>
   </div>
   <div class='ocr_carea' id='block_1_5' title="bbox 0 0 1447 5017">
    <p class='ocr_par' dir='ltr' id='par_1_7' title="bbox 0 0 1447 5017">
     <span class='ocr_line' id='line_1_35' title="bbox 0 0 1447 5017; baseline 0 0"><span class='ocrx_word' id='word_1_226' title='bbox 0 0 1447 5017; x_wconf 95' lang='lat' dir='ltr'><strong> </strong></span> 
     </span>
    </p>
   </div>
  </div>
 </body>
</html>
