2867 5017
763 329 808 392 at

310 547 421 596 ansrm
456 529 558 592 deret.
615 523 686 586 llae-
715 522 823 585 minus
850 540 1023 606 prosperam
1054 522 1108 584 alii
1141 521 1288 590 historici

309 637 522 722 scripserant,
546 631 678 696 insidias
690 630 844 704 Erimon,
869 628 1069 714 Pergameno
1079 630 1288 714 regnara-

309 763 364 808 seo
385 751 536 815 structas,
562 739 810 825 legatorumque
830 755 849 798 e
871 734 1005 798 Bosana
1026 736 1179 813 cadem,
1204 758 1286 803 cau-

310 871 361 914 sas
389 850 503 924 luisse,
539 848 664 933 quibus
690 842 884 908 Macedones
911 841 1001 904 hello
1028 857 1106 904 cura
1131 844 1291 910 homnis

310 966 413 1022 essem
435 955 593 1040 impliciti.
639 952 850 1038 lineamina,
875 959 913 1013 ut
934 950 979 1012 ait
999 948 1174 1032 Polybius,
1208 951 1289 1018 belli

307 1067 375 1132 iam
393 1063 532 1148 suscepti
551 1057 732 1146 primordia
747 1058 897 1131 luerent,
925 1073 993 1120 non
1013 1073 1132 1120 caune
1149 1058 1288 1143 weipi-

309 1173 398 1236 endi.

350 1279 423 1342 lam
441 1281 467 1342 ai
484 1277 560 1364 quis
576 1275 734 1360 quaerat,
759 1273 919 1359 quidnam
934 1272 1290 1359 uademtamgrarem

310 1384 507 1448 fflscordiam
524 1381 657 1467 tamque
673 1380 827 1444 infestum
847 1379 971 1443 hellam
987 1379 1214 1454 commovent,
1249 1379 1285 1442 id

306 1492 517 1578 perspicuum
539 1509 616 1552 sana
636 1497 683 1552 est
707 1507 747 1551 ac
765 1477 910 1573 simplex.
956 1486 998 1550 llt
1019 1485 1106 1548 enim
1120 1485 1283 1573 Philippi,

309 1597 468 1679 Amyntae
488 1595 562 1673 filii,
588 1597 792 1684 propositum
811 1597 1024 1682 expeditionis
1041 1595 1192 1660 adsersus
1205 1596 1285 1660 bar·

308 1702 405 1765 batos
428 1701 602 1764 tentandae
624 1711 796 1786 exceperat
817 1700 903 1764 filius
923 1699 1124 1776 Alexander,
1148 1711 1181 1763 et
1200 1711 1286 1764 stre·

307 1827 372 1872 nue
404 1817 472 1870 erat
504 1816 694 1884 exsecutus;
724 1810 769 1870 ila
791 1828 928 1892 quoque
955 1805 1124 1892 patrissui
1147 1809 1283 1871 consilia

310 1914 486 1978 retinuerat
504 1913 646 1976 Perseus.
669 1911 765 1974 ‘Nam
786 1932 891 1997 quum
911 1914 1070 1998 posterior
1089 1913 1143 1976 ille
1157 1914 1286 2000 Philip

308 2043 371 2106 pus
399 2021 591 2086 iamdudum
617 2021 787 2106 cogitasset
815 2019 858 2082 de
878 2019 974 2082 armis
994 2019 1122 2084 Romae
1141 2023 1280 2086 infermi-

308 2129 374 2202 dis,
408 2149 514 2212 eoque
536 2126 671 2191 consilio
691 2126 800 2188 omnia
828 2126 969 2188 studiose
989 2140 1222 2212 comparasset,
1246 2130 1281 2193 in

308 2233 454 2296 defuncti
476 2234 586 2295 locum
606 2231 785 2294 succedens
804 2231 890 2294 filius
906 2233 1021 2295 eadem
1035 2233 1230 2298 moliebatur
1249 2245 1282 2297 et

310 2339 460 2416 tandem,
486 2349 613 2426 tempus
636 2339 746 2404 adone
768 2349 876 2416 ratus,
910 2341 953 2404 ad
974 2362 1012 2404 ea
1033 2341 1203 2406 efficienda
1226 2363 1285 2406 ac·

306 2445 403 2508 cessit
422 2453 454 2507 et
476 2465 533 2524 eo,
566 2467 635 2530 quo
657 2446 872 2522 dictumest,
906 2447 1006 2510 modo
1028 2468 1096 2510 rem
1117 2469 1285 2535 aggressam

309 2559 365 2612 est.
400 2548 473 2612 Alia
495 2550 592 2612 huius
612 2549 690 2612 belli
703 2570 801 2612 causa
826 2571 935 2635 neque
953 2554 1068 2636 quaeri
1085 2553 1198 2629 debet,
1220 2575 1283 2617 ue·

308 2675 375 2740 que
395 2656 529 2720 inveniri
550 2667 666 2743 potest.

350 2763 396 2826 lle
418 2763 523 2826 causis
543 2763 683 2828 duorum
715 2762 895 2839 bellorum,
931 2787 1018 2850 quae
1045 2769 1177 2832 fuerunt
1206 2789 1283 2855 gra·

307 2871 453 2948 tissima,
500 2871 718 2957 disputantem
764 2870 935 2956 Polybium
976 2874 1123 2938 vidimus.
1184 2875 1278 2950 Alia,

305 2999 346 3042 ne
369 2978 458 3064 longi
478 2978 592 3053 sirone,
623 2978 816 3053 omittimus,
849 2977 913 3041 hoc
944 2988 1070 3042 tantum
1090 2989 1276 3055 monentes,

307 3107 345 3148 ea
367 3085 521 3148 facilluno
552 3086 682 3171 negotio
713 3106 805 3170 posse
837 3087 1006 3150 cumulari.
1050 3084 1173 3148 Eodem
1192 3086 1280 3148 enim

307 3190 406 3254 modo
439 3192 570 3276 copiose
603 3191 780 3284 admodum
809 3196 1011 3281 explicatur,
1044 3215 1104 3258 cur
1134 3190 1276 3255 Romani

308 3298 476 3361 transitum
505 3299 538 3362 in
571 3297 713 3382 illyriam
744 3301 877 3365 fecerint
899 3302 971 3388 (Ι),
1007 3313 1038 3365 et
1075 3301 1198 3365 incolas
1224 3319 1276 3361 ar·

305 3407 365 3470 rnis
389 3405 539 3492 petierint
562 3405 633 3492 (2);
668 3409 711 3471 ita
743 3431 860 3474 causae
889 3411 987 3485 belli,
1023 3411 1065 3473 ab
1086 3407 1224 3471 Achaeis
1241 3414 1275 3466 et

333 3649 375 3714 (1)
403 3651 429 3699 a.
449 3649 490 3713 11,
509 3667 531 3703 ο.
551 3654 576 3702 a.

288 3779 292 3784 .
334 3737 377 3803 (2)
405 3736 575 3806 Copiosissima
601 3741 664 3794 haec
687 3751 725 3794 est
749 3760 877 3795 caumrum
894 3742 1028 3813 expositio,
1053 3743 1070 3793 l.
1089 3743 1107 3794 l.
1124 3760 1146 3794 c
1165 3745 1272 3810 2-11,

307 3847 364 3883 cum
382 3832 526 3899 praesertim
544 3833 617 3904 ipsius
637 3833 694 3886 belli
714 3835 824 3888 narretio
840 3833 937 3888 duobus
964 3841 1060 3888 lantum
1079 3833 1200 3912 capitibus
1217 3844 1271 3890 tota

279 3962 283 3968 ,
304 3921 467 3974 contineatur.
