2867 5017
803 354 849 419 28

336 549 430 610 roasa
454 523 551 590 αὐτοῦ
571 527 646 608 πρὸς
666 526 725 604 τὴν
744 527 968 608 πραγματικὴν
987 521 1148 604 ἱστορίαν,
1173 528 1231 587 καὶ
1246 528 1315 605 τῆν

337 639 448 715 κοινὴν
487 633 659 710 ἐπίνοιαν,
699 634 792 696 τοῦτο
825 633 1047 714 πειρασόμεθα.
1081 625 1316 708 κεφαλαιωδῶς

336 740 489 805 διελθεῖν.
532 741 572 802 Εῑ
601 750 755 804 accurate
778 741 913 825 quidem
933 757 977 802 eo·
994 737 1070 800 loco
1095 736 1241 821 disputat
1263 737 1318 800 de.

334 849 429 912 variis
457 848 583 931 imperii
604 848 731 924 formis,
766 848 809 911 de
837 858 952 912 mutuo
972 865 1084 909 aarum
1103 843 1305 921 discrimine,

334 963 365 1016 et
397 953 439 1016 de
467 953 609 1029 ratione,
645 975 714 1040 qua
745 955 926 1020 secundum
953 955 1040 1038 ipsas
1059 961 1196 1017 naturae
1221 951 1309 1037 leger

336 1061 426 1126 aliud
444 1081 544 1147 genus
565 1063 599 1126 in
620 1064 710 1126 aliud
731 1066 832 1127 soleat
854 1061 1009 1127 converti.
1040 1059 1141 1122 Pom
1161 1059 1315 1123 omnium.
1427 1142 1428 1147 ἵ

334 1189 446 1232 earum
476 1170 711 1247 mutationum,
747 1171 867 1257 quibus
888 1169 1048 1234 obnoxiae
1076 1176 1150 1230 sunt
1164 1185 1221 1228 res
1241 1187 1311 1250 pu·-
1427 1160 1428 1245 j

336 1275 458 1351 blicae,
490 1296 558 1338 raon
586 1285 712 1339 tantum
740 1278 883 1342 indolem
912 1275 1080 1349 describit,
1116 1271 1173 1334 scd
1195 1291 1310 1335 causas
1427 1264 1428 1311 l

339 1382 437 1444 auam
466 1381 624 1464 cprcat‚
661 1385 893 1468 consequentia
921 1383 1128 1446 demonstrat.
1170 1380 1218 1442 Ex
1238 1401 1311 1464 qua

335 1487 553 1572 disputatione
578 1496 610 1550 et
639 1509 764 1553 summa
793 1499 931 1576 apparet
953 1488 1070 1551 barum
1089 1503 1198 1548 rerum
1219 1487 1313 1571 peri·
1427 1538 1428 1571 ,

336 1592 397 1666 tia,
423 1611 509 1673 quae
538 1592 599 1654 fuit
619 1592 771 1677 Polybio,
803 1604 835 1656 et
864 1595 940 1656 luce
958 1591 1077 1654 clarius
1095 1590 1305 1678 intelligitur,

337 1697 400 1760 boc
422 1717 497 1759 eum
518 1696 652 1760 consilio
674 1698 708 1760 in
728 1697 902 1762 scribenda
921 1697 1052 1761 historia
1071 1696 1207 1760 ductum
1224 1697 1313 1762 tuir-
1427 1766 1428 1791 χ

336 1822 385 1876 so,
418 1811 453 1862 ut
483 1801 618 1866 lectores
647 1802 689 1865 ad
710 1805 919 1889 prudentiam
941 1805 1067 1868 civilem
1087 1813 1119 1866 et
1140 1805 1312 1868 seientiam

334 1909 503 1996 politicam
522 1909 711 1975 institueret.
736 1912 776 1974 Et
796 1912 963 1997 prolecto,
988 1911 1053 1974 hoc
1072 1909 1213 1974 docendi
1231 1934 1310 1974 mu·
1345 1968 1347 1971 .

335 2039 396 2082 nus
423 2017 549 2102 egregie
578 2019 783 2082 commissum
811 2029 881 2081 erat
905 2017 1065 2102 Polybio,
1091 2019 1152 2101 qui
1171 2019 1217 2080 ita
1237 2019 1309 2103 ipse

336 2127 371 2188 iu
391 2123 440 2186 bis
459 2123 573 2187 studiis
593 2134 662 2186 erat
682 2133 844 2200 versatus,
869 2126 913 2188 ita
935 2123 1106 2186 mutabiles
1127 2125 1308 2190 civitatium

337 2251 429 2294 casus
448 2230 588 2293 studiose
607 2231 847 2309 observaverat,
870 2241 906 2294 ut
927 2232 991 2294 iam
1008 2231 1072 2295 hae
1094 2239 1204 2307 aetate=
1218 2233 1254 2295 in
1270 2253 1312 2294 re

335 2336 470 2424 publica
499 2337 649 2402 Romana
686 2338 773 2401 exitii
803 2337 984 2423 aliquando
1014 2338 1157 2402 secuturi
1186 2339 1309 2402 semina

337 2452 560 2518 cernerenet
583 2445 728 2508 futuram
749 2446 816 2509 eius
836 2446 963 2508 ruinam
985 2447 1146 2510 verissimo
1166 2435 1332 2533 augurio

333 2549 536 2634 praediceret
560 2547 626 2634 (l).¹

378 2657 442 2719 Sed
469 2676 580 2719 omnes
604 2657 694 2722 locos
715 2681 897 2737 recensere,
929 2662 989 2745 qui
1010 2661 1053 2724 ad
1074 2682 1143 2726 rem
1161 2671 1306 2726 nostram

336 2765 480 2840 faciunt,
512 2763 675 2830 infinitum
703 2777 758 2831 est.
804 2770 898 2834 Brevi
925 2770 1138 2834 absolvamus.
1177 2770 1307 2856 Ubique

337 2873 491 2960 Polybius
510 2893 640 2952 eorum,
666 2897 753 2960 quae
773 2887 904 2952 narrat,
929 2897 1045 2940 causas
1066 2888 1220 2940 accurate
1239 2885 1307 2938 tra-

334 2980 400 3056 dit,
434 2980 542 3064 deque
564 2984 616 3058 iis,
651 2982 852 3065 ubicmnque
871 2983 994 3064 requiri
1016 2983 1190 3058 existimat,
1225 2983 1308 3046 ube·

335 3088 401 3148 rius
422 3085 544 3148 disserit
569 3087 631 3172 (2).
664 3088 780 3170 Neque
800 3085 892 3146 affert
918 3086 1103 3168 »perfectas
1124 3095 1252 3148 tantum
1274 3100 1312 3152 et

331 3191 557 3275 »principales
576 3212 705 3268 causas,
731 3191 988 3254 sedadiuvantes
1004 3211 1140 3275 quoque
1150 3200 1183 3253 et
1193 3195 1309 3276 proxi-

335 3317 428 3358 »mas
441 3295 459 3324 ’'
484 3293 555 3382 (3),
577 3297 720 3384 nequid
740 3297 873 3362 cumino
899 3297 1059 3363 indictum
1080 3299 1309 3384 relinquatur,

364 3585 406 3654 (1)
434 3587 462 3636 L.
478 3586 527 3651 vl,
545 3603 568 3638 c.
584 3587 618 3651 9,
637 3593 663 3637 et
682 3585 714 3638 cl.
732 3603 755 3638 c.
771 3586 816 3636 57.

363 3678 407 3746 (2)
435 3675 563 3730 Cffiinter
578 3677 626 3729 alia
641 3678 658 3732 l.
677 3680 705 3745 1,
731 3696 754 3729 c.
771 3679 823 3742 37,
851 3676 933 3742 ttv,
960 3679 1055 3744 011,
1082 3680 1135 3745 32,
1164 3680 1200 3732 40
1216 3697 1274 3750 eq,
1286 3681 1304 3734 Ι.

338 3771 392 3837 IX,
411 3788 433 3821 o.
450 3773 485 3837 3,
504 3769 520 3821 l.
538 3771 647 3836 XXVII,
666 3790 688 3822 c.
705 3773 758 3837 13,
777 3770 793 3822 Ι.
812 3769 934 3836 XXVIII,
952 3787 975 3820 c.
992 3771 1028 3821 15
1045 3778 1093 3824 cel.

369 3865 411 3935 (3)
440 3865 480 3917 Uti
497 3864 606 3934 loquitur
624 3863 729 3931 Cicero,
748 3861 782 3916 da
802 3865 888 3929 Fato,
907 3879 929 3914 c.
947 3863 991 3916 18.
1028 3863 1117 3919 &uma
1134 3874 1217 3920 autem
1234 3865 1303 3919 adar·

339 3967 423 4012 rantes
450 3967 564 4032 ovvfpyd
590 3959 697 4030 appellat
715 3958 846 4030 Polybius,
866 3958 882 4010 Ι.
901 3959 930 4024 1,
948 3976 970 4011 c.
990 3959 1035 4011 81.
