2867 5017
814 399 837 458 2

789 607 805 692 l
834 607 862 669 l.

668 800 722 863 De
745 799 883 884 Polybi
904 802 987 860 vita.

378 1018 547 1104 Polybius,
573 1017 732 1102 Lycortas
749 1015 850 1093 filius,
879 1011 1182 1101 Megalopolitanus,
1205 1029 1315 1074 rerum

334 1147 397 1192 sua
422 1135 527 1190 aetate
549 1135 696 1189 actarum
717 1147 795 1211 pars
817 1145 938 1211 magna
959 1122 1031 1187 tuit.
1070 1119 1135 1183 Sed
1156 1118 1220 1180 hac
1240 1138 1319 1180 usus

336 1244 386 1297 est
401 1232 523 1298 infelici
540 1230 688 1308 fortuna,
709 1230 803 1316 quod
823 1230 978 1314 patriam,
1001 1225 1095 1291 cuius
1112 1235 1181 1287 erat
1202 1243 1316 1287 aman·

343 1336 499 1416 tissimus‚'
528 1357 595 1400 non
625 1357 696 1400 eam
726 1337 882 1414 haberet,
914 1352 1017 1421 quam
1039 1333 1210 1396 florentem
1229 1349 1317 1395 novo

344 1447 516 1533 splendore
530 1455 675 1524 ornaret,
696 1446 753 1510 sed
771 1445 951 1521 labentem,
963 1438 1083 1530 'quoad
1103 1440 1174 1504 fieri
1191 1449 1317 1526 posset,

337 1563 521 1621 sustentare
534 1553 677 1619 deberet.
701 1555 775 1641 lpse
793 1554 950 1618 libertatis
968 1572 1060 1616 sensu
1079 1571 1165 1614 unus
1179 1550 1214 1612 in
1230 1569 1317 1634 pau·

253 1701 256 1710 v
342 1661 393 1726 cis
413 1661 576 1746 repletus,
602 1661 722 1726 civium
742 1681 875 1724 suorum
894 1659 1036 1723 libertati
1057 1658 1118 1721 luit
1139 1663 1317 1741 superstes,

345 1787 407 1830 nec
427 1765 517 1829 aliud
538 1763 597 1827 sibi
621 1766 752 1851 suisque
776 1767 927 1829 relictum
947 1764 1080 1842 habuit,
1112 1765 1173 1826 nisi
1192 1762 1320 1826 lucino-

344 1895 419 1937 rum
438 1894 457 1936 a
474 1871 649 1935 maioribus
666 1869 844 1958 praeclare
852 1882 1016 1959 gestorum
1035 1871 1222 1934 memoriam
1237 1890 1320 1933 ‘cum

341 1982 459 2045 intimo
487 1980 957 2066 praesentiumcolemitatmn
982 2000 1076 2044 sensu
1096 1978 1318 2044 recolendam.

347 2089 396 2152 Ex
412 2107 556 2171 quorum
570 2097 679 2150 tamen
694 2089 920 2153 recordatione
940 2089 1030 2153 hunc
1044 2089 1152 2152 retulit
1173 2088 1320 2150 fructum

339 2194 514 2269 eximium,
530 2203 586 2269 ut,
606 2193 648 2256 ab
671 2194 788 2280 ignava
809 2195 923 2264 inertia
945 2194 1080 2271 alienus,
1098 2194 1239 2258 afflictae
1256 2215 1319 2281 pa-

347 2299 427 2362 triae
458 2299 626 2361 consulere
654 2320 836 2384 numquam
867 2299 1047 2378 desisteret,
1079 2300 1135 2363 sed
1161 2322 1235 2364 eam
1260 2323 1319 2364 sua

340 2405 541 2474 auctoritate
558 2421 598 2472 nc
614 2406 736 2471 salubri
748 2408 958 2474 concliorum
976 2409 1151 2496 prudentia
1163 2418 1320 2474 constan-

342 2525 396 2578 ter
418 2515 596 2578 adiuvaret.

387 2621 497 2706 Atque
515 2620 605 2686 hane
628 2622 712 2687 inter
739 2642 814 2686 suos
842 2624 996 2687 sustinere
1021 2628 1130 2712 potuit
1148 2642 1322 2713 perseam

343 2729 482 2794 adiutus
498 2739 531 2792 et
547 2727 672 2817 generis
688 2731 858 2798 nobib‘tate
876 2743 908 2798 et
927 2727 1054 2815 eonon,
1080 2735 1235 2822 aquibus
1252 2742 1322 2798 erat

345 2839 527 2916 institutus,
550 2840 752 2904 excellentia.
780 2839 878 2904 Pater
895 2844 980 2911 enim
998 2845 1027 2906 ei
1041 2846 1180 2931 contigit
1198 2845 1322 2928 Lycor-

345 2957 413 3024 tas,
446 2949 495 3012 vir
512 2965 635 3032 magna
663 2946 696 3010 in
717 2945 816 3009 rebus
835 2948 983 3031 gerendis
1003 2951 1119 3034 peritia
1144 2959 1185 3015 ac
1204 2951 1325 3016 unare

342 3052 497 3136 insignis,
530 3058 573 3114 et'
591 3050 650 3134 qni
677 3059 815 3134 propter
845 3049 986 3135 ingentis
1011 3055 1045 3115 in
1065 3057 1324 3143 rempublicam

351 3157 466 3218 merita
487 3164 577 3217 tanta
596 3153 687 3239 apud
704 3173 779 3216 suos
796 3156 900 3240 gratia
920 3153 1076 3237 florebut‘,
1099 3172 1138 3224 ut
1155 3175 1228 3248 post
1247 3165 1326 3228 Plri-

344 3263 578 3349 dopoemerrem
607 3259 649 3322 sd
674 3271 864 3348 vpraeturam
882 3268 1069 3332 'roboretum
1103 3267 1210 3333 lltali
1230 3280 1327 3356 patre

352 3369 444 3433 nulla
465 3368 526 3432 nisi
547 3366 688 3432 liberalis
707 3367 864 3435 institutio
884 3372 1050 3459 proficisci
1068 3385 1214 3462 poterat,
1238 3378 1324 3440 eirrs-

221 3533 224 3537 .
345 3494 418 3564 qua
449 3475 631 3562 praeceptis
655 3495 694 3538 ac
722 3476 851 3538 monitis
882 3473 1161 3562 ‹parantrmr'filius‘
1181 3503 1260 3547 cum
1282 3485 1326 3547 ad

244 3639 248 3652 ,
350 3583 454 3648 animi
475 3583 612 3655 culmur,
639 3589 708 3642 lum
728 3581 770 3644 ad
792 3581 900 3645 rerum
921 3585 1064 3651 civilium
1081 3592 1114 3654 el
1133 3584 1326 3656 bellicarm'n

347 3690 518 3752 scientium
538 3687 730 3772 profecerit,
763 3700 878 3775 sponte
898 3705 1054 3779 apparet,
1081 3712 1157 3762 cum
1178 3709 1324 3784 praeser-

346 3797 408 3858 tim
428 3796 462 3857 in
479 3796 553 3880 ipso·
571 3795 689 3857 iuvene
707 3807 740 3858 et
756 3799 877 3885 ingenii
897 3812 1026 3868 matura
1046 3806 1175 3870 solertia
1196 3808 1322 3881 mosset,

350 3913 381 3966 et
403 3923 544 3966 summus
565 3902 631 3965 reri
651 3901 846 3990 honestique
867 3921 974 3987 amor,
1004 3914 1198 4000 etflagrans
1219 3912 1325 3976 laudis

346 4010 484 4096 cupido.
509 4009 679 4096 Egregium
699 4009 785 4077 hanc
804 4015 950 4082 indolem
966 4020 1045 4085 aluit
1064 4033 1231 4108 praeterea
1243 4020 1321 4084 -Phi-
