2867 5017
579 353 623 423 at

115 541 199 608 llulti
230 545 314 614 urim
335 567 393 610 sua
416 549 558 634 ipsorum
585 541 809 636 imprudentia·
827 545 1026 634 capitinatae,
1043 551 1084 610 'ul

115 651 338 729 Archidamus,
365 653 695 718 Lacedaemonionun
713 675 784 730 rex,
809 653 998 738 Pelopidas,
1020 649 1081 714 Cn.

114 757 295 836 Cornelius,
321 779 471 846 ‚quorum
498 762 647 850 exempla
668 762 713 824 ita
736 759 829 825 affert
849 757 1021 844 Polybius,
1046 767 1083 820 ut

111 865 189 949 quid
205 868 329 952 cuique
350 877 382 930 et
402 887 471 952 qua
491 870 616 933 ratione
638 867 812 944 acciderit,
842 865 1001 952 peculiari
1021 883 1078 926 ex-

110 992 199 1035 cursu
224 984 365 1041 enarret.
407 976 454 1039 Ex
476 975 603 1062 quibus¹
617 975 769 1040 omnibus
789 975 922 1039 tandem
941 970 1079 1035 conclu·

106 1077 219 1142 sionem
245 1079 345 1145 efficit
368 1080 472 1146 hauet
501 1083 686 1169 culpandos
705 1101 791 1158 esse,
815 1082 874 1167 qui
894 1076 1078 1144 inconside-

104 1195 168 1249 rate
188 1185 339 1252 hostibus
358 1209 392 1252 se
412 1189 621 1270 tradiderint,
646 1185 903 1256 condonandum
922 1185 1077 1258 veroiis·

104 1293 158 1377 qui
182 1292 311 1365 iustam
332 1300 520 1363 cautionem
547 1300 767 1364 adhibuerint.
808 1296 927 1362 Omnes
952 1294 1073 1381 igitur,

103 1401 218 1486 inquit,
251 1402 316 1468 hoc
337 1407 461 1485 sciant,
486 1409 604 1474 idonea
625 1409 750 1492 ubique
759 1405 837 1470 fidei
847 1406 987 1490 pignora
1007 1417 1078 1462 esso

102 1505 265 1572 sumenda.
295 1510 464 1592 Attamen,
490 1517 648 1601 quoniam
667 1515 739 1576 fieri
757 1521 864 1599 potest
885 1519 923 1572 ut
939 1517 972 1570 et
993 1525 1074 1569 cau·

102 1615 237 1680 tissimus
247 1617 389 1705 quisque
400 1623 567 1708 capiatur,
593 1621 686 1708 quod
708 1617 829 1684 accidit
840 1615 992 1689 Achaeo,
1015 1611 1076 1697 qui

101 1721 333 1788 nihilomnino
358 1727 516 1791 cautionis
541 1727 745 1814 neglexerat,
779 1724 829 1788 sas
849 1731 938 1786 certe
960 1727 1008 1782 est
1036 1726 1073 1780 ut

20 1847 22 1918 ᾗ
100 1831 222 1894 veniam
243 1831 316 1894 talis
336 1834 411 1918 quis
429 1843 462 1896 et
478 1833 731 1898 misericordiam
752 1831 796 1895 ab
818 1830 889 1896 aliis
905 1829 1071 1912 impetret

138 1937 216 2017 Quo
238 1939 341 2022 magis
370 1950 479 2002 autem
509 1939 599 2002 hunc
629 1959 725 2002 sumn
752 1935 920 2002 iudicandi
946 1953 1069 1997 mrem

20 2055 21 2134 J
98 2041 136 2104 ad
154 2032 367 2127 posterorum
384 2044 554 2108 utilitatem
569 2045 716 2120 referret,
740 2040 894 2127 Polybius
909 2060 1007 2124 saepe
1018 2038 1069 2100 la·

20 2151 22 2202 i
99 2147 156 2210 tius
185 2149 359 2233 aliquanto
376 2154 411 2216 in
431 2173 469 2216 ea
490 2175 525 2216 re
546 2153 744 2238 exspatiatus
760 2160 807 2214 est
828 2159 860 2212 et
880 2147 986 2212 varias
1006 2167 1068 2231 ap·

20 2245 21 2250 ’
97 2254 201 2338 posuit
226 2255 268 2317 de
288 2277 347 2318 suo
362 2257 628 2335 observationes,
653 2277 738 2343 quas
757 2255 849 2321 baud
867 2256 936 2326 eine
956 2253 1068 2332 fructu

20 2437 21 2454 ,
96 2381 261 2426 mmuueas
279 2364 442 2450 sperabat.
473 2365 573 2430 Testis
594 2375 641 2428 est
663 2364 817 2450 digressio
837 2362 913 2425 satis
934 2359 1069 2444 copiosa

20 2469 21 2548 i
95 2465 134 2529 de
171 2470 383 2553 quaestione:
424 2476 504 2557 quia
539 2493 619 2536 vere
644 2470 811 2556 proditor
837 2466 1067 2554 appellandus

96 2579 140 2637 sit
163 2575 228 2662 (1).
263 2578 310 2642 De
331 2579 395 2644 hac
418 2580 523 2657 enim,
557 2601 634 2645 oum
655 2579 798 2644 difficilis
818 2586 899 2641 esset
918 2576 1063 2662 explica-

96 2691 145 2759 tu,
177 2683 335 2750 disserere
365 2689 487 2774 operae
510 2689 651 2774 pretium
676 2687 833 2774 putabat,
860 2685 1066 2750 occasionem

96 2793 269 2876 praebente
295 2795 485 2872 Aristaeno,
518 2797 593 2872 illo,
624 2799 683 2881 qui
702 2795 852 2858 Achaeos
872 2815 892 2856 a
907 2793 1065 2868 <societate

20 2917 21 2922 ¹
95 2900 236 2990 Philippi
256 2903 299 2966 ad
327 2904 504 2968 amicitiam
527 2904 754 2969 Romanorum
773 2902 978 2974 traduxerat,
1004 2917 1063 2961 ne·

94 3030 155 3093 que
181 3021 291 3075 tamen
311 3013 477 3096 proditor,
507 3008 581 3072 ἀλλ’
610 3009 772 3094 εὐεργέτης
798 3023 854 3072 καὶ
883 3010 983 3089 σωτὴρ
1008 3010 1063 3084 τῆς

95 3119 194 3200 χώρας
222 3118 380 3184 dicendus
399 3117 536 3204 Polybio
560 3119 743 3183 videbatur.
782 3115 889 3198 Δῆλον
910 3116 970 3195 γὰρ
1001 3112 1061 3198 (sie

20 3227 21 3284 i
93 3225 204 3307 paullo
226 3217 301 3287 ante
319 3225 476 3311 dixerat),
506 3227 548 3300 ὥς
570 3227 641 3289 οὔτε
663 3227 736 3300 τούς
754 3226 789 3300 ἐξ
809 3224 960 3307 ἀκεραίου
980 3242 1060 3302 σομ-

90 3330 305 3419 ,αειίξομίνονς
321 3335 386 3403 τῶν
406 3331 531 3416 ἀνδρῶν
551 3337 628 3417 πρός
646 3359 738 3407 τινας
759 3332 899 3419 βασιλεῖς
917 3335 939 3412 ἦ
958 3328 1060 3420 δονά-

93 3457 167 3512 στας
196 3444 363 3502 κοινωνεῖν
393 3443 604 3521 πραγμάτων,
639 3437 756 3513 εὐθέως
785 3439 941 3523 προδότας
966 3461 1058 3520 νομι-

94 3544 200 3610 στέον·
230 3547 301 3611 οὔτε
330 3548 403 3620 τούς
428 3549 510 3610 κατὰ
530 3550 588 3621 τὰς
610 3552 803 3631 περιστάσεις
823 3545 1057 3629 μετατιθέντας

96 3655 145 3724 τὰς
163 3651 270 3717 αὐτῶν
290 3651 446 3737 πατρίδας
464 3651 527 3716 dmi
545 3677 641 3718 τινων
660 3651 874 3736 ὑποκειμένοιν
893 3658 968 3739 πρὸς
989 3654 1058 3716 ἑτέ-

94 3783 144 3840 ρας
172 3757 281 3842 φιλίας
307 3762 361 3822 καί
378 3757 576 3844 συμμαχίας,
608 3759 679 3824 οὐδὲ
702 3763 849 3837 τούτους·
882 3760 999 3827 πολλοῦ
1018 3785 1055 3840 νε

90 3913 293 3934 ...a

117 3984 158 4052 (1)
185 3987 211 4038 a.
230 3985 317 4050 xvn,
336 4003 357 4037 ε.
377 3986 411 4036 13
431 4001 484 4053 sqq.
584 3949 585 3952 ¹
