2867 5017
27 2629 31 2810 i

549 337 605 399 ltl

104 532 268 597 sommum
301 529 413 594 animis
448 538 479 592 et
506 524 670 615 nequitiae
699 528 813 592 odium
841 540 872 592 et
905 532 1065 617 igniculos

105 640 310 721 ‚seminaque
330 635 486 698 virtutmn
505 636 636 723 abipsa
659 656 723 699 esse
743 646 858 700 natura
878 640 1066 725 ingenerata

104 756 248 835 »putem
295 740 393 805 Cuius
421 742 592 819 beneficii,
628 745 781 810 divinitus
801 748 835 810 in
851 766 913 810 uus
934 746 1065 821 collati,

105 854 193 917 »hoc
204 871 268 913 esse
288 871 407 936 magno
425 862 616 938 argumenta
637 850 750 929 debet,
774 852 867 938 quod
886 853 1001 938 frigere
1016 870 1068 916 su-

27 1019 28 1050 3
105 962 229 1025 »lamus
244 958 292 1020 ad·
307 960 486 1023 orationem
508 980 638 1036 eorum,
663 962 743 1045 qui,
770 980 845 1024 ema
862 962 896 1023 in
913 961 1071 1046 quapiam

27 1093 28 1098 ¹
105 1090 163 1132 »ue
185 1068 267 1153 quid
291 1067 492 1131 laudandum
517 1069 809 1155 vituperandumve
831 1069 888 1145 sit,
920 1066 1070 1130 ostende·

105 1178 209 1251 sunt,
234 1184 305 1237 tum
323 1192 395 1238 eam
409 1176 455 1238 sie
477 1176 725 1239 animisnostris
746 1176 936 1249 admovent,
962 1184 998 1235 ut
1017 1170 1072 1236 aut

27 1335 28 1374 q
102 1283 173 1346 aad
205 1281 348 1344 eiusdem
369 1302 428 1345 nos
449 1283 496 1343 rei
526 1282 668 1345 studium
689 1283 874 1359 hortentur,
912 1291 967 1344 aut
995 1286 1071 1345 a'so·

104 1398 206 1452 ‚cent
232 1386 334 1450 aben
356 1399 388 1451 et
405 1389 597 1452 deterreant.
644 1389 791 1470 Quorum
820 1406 934 1451 vocem
965 1408 1075 1473 ptum·

107 1497 196 1558 »tius
214 1495 361 1580 proiecto
373 1496 412 1558 ’et
436 1498 575 1559 alacrius
596 1496 840 1569 exaudiremus,
876 1495 936 1557 nisi
961 1514 1073 1578 super·

102 1622 306 1666 avaeaneam
327 1605 577 1667 existimaremus
603 1604 856 1667 admonitionem
885 1600 1072 1673 humanam,

108 1728 213 1771 »eum
230 1709 398 1773 ‚mentibus
414 1712 530 1773 uostris
554 1712 681 1774 insitam
698 1710 889 1774 haberemus
909 1716 1011 1792 etque
1027 1708 1077 1769 in-

104 1841 119 1872 a
132 1815 296 1901 sosriptam
317 1818 422 1903 legem
443 1819 595 1882 divinam.
642 1818 756 1901 Neque
774 1815 857 1879 illud
873 1814 1078 1902 praetermit-

106 1923 269 1986 »tendum
283 1932 347 1996 est,
372 1921 464 2005 quod
486 1924 520 1983 in
539 1922 672 1983 historia
692 1930 784 1983 tanta
804 1930 850 1983 est
869 1940 977 1982 rerum
994 1920 1079 1983 mul·

103 2029 243 2092 ,titudo
268 2037 307 2089 et-
327 2027 482 2102 varietas‚
516 2037 552 2089 ut
577 2030 602 2090 si
624 2028 698 2112 quis
720 2037 835 2091 auctor
857 2028 974 2112 quevis
1001 2028 1080 2092 seri·

105 2134 257 2221 »ptiunis
277 2152 354 2195 suae
374 2142 484 2217 parte,
510 2132 593 2217 quid
612 2132 830 2217 expetendum
847 2132 931 2218 quid
953 2133 1080 2219 fugien-

107 2241 217 2304 »dum
239 2240 295 2316 a't,
320 2240 457 2302 lectores
474 2238 613 2301 edocere
639 2240 797 2315 voluerit,
821 2241 848 2302 is
869 2240 979 2326 potius
998 2238 1082 2305 Orsa

106 2351 238 2416 »tiones
250 2348 376 2410 ¹Sateras
396 2345 587 2421 habiturus,
613 2366 715 2431 quam
735 2366 786 2408 res
805 2354 909 2431 gestas
927 2356 1079 2411 narratu·

108 2478 208 2532 arus,
235 2455 394 2521 videatur.
405 2455 423 2482 ''
946 2508 950 2517 ,

102 2600 105 2603 -
149 2562 299 2646 Apposui
320 2566 390 2649 ipsa
412 2564 545 2651 Borgeri
566 2563 679 2640 verba,
704 2563 862 2649 quoniam
882 2582 991 2648 neque
1011 2563 1083 2649 ple·

106 2670 202 2743 nius,
234 2688 343 2754 neque
371 2672 547 2757 elegantius
575 2671 641 2734 diei
668 2669 751 2733 haee
777 2668 870 2755 posse
891 2670 1082 2735 arbitrabar.

108 2776 199 2850 Nee,
233 2783 271 2837 ut
296 2775 382 2840 haue
411 2776 452 2839 de
481 2778 643 2862 praesenti
673 2777 863 2861 quaestione
895 2778 1085 2843 senteutiam
1163 2842 1172 2859 ,

110 2882 224 2959 tuear,
249 2884 346 2968 plura
369 2882 521 2947 addenda
541 2883 701 2949 videntur.
753 2934 755 2939 .

152 2988 220 3051 Sed
241 2987 565 3053 animadvertendum
585 2992 650 3065 est‚'
674 2989 899 3075 exceptionem
916 2990 1087 3074 quandam

112 3096 179 3157 hou
197 3095 275 3156 :loeo
297 3094 442 3179 posuisse
463 3093 653 3180 Borgerum.
685 3095 777 3159 Dum
796 3096 899 3170 enim,
924 3094 1012 3179 quid
1028 3114 1084 3157 er-

112 3200 292 3286 petendum
321 3199 551 3286 fugiendumve
578 3202 636 3278 sit,
677 3202 866 3285 historicum
893 3203 1084 3291 praecipere

110 3317 221 3383 aetat,
248 3305 312 3370 hoe
339 3317 449 3370 tamen
477 3304 520 3368 ab
550 3327 590 3369 eo
616 3309 717 3394 petit,
750 3320 787 3371 ut
812 3316 984 3393 quatenus
1009 3314 1087 3376 talia

112 3414 261 3498 exemplo
285 3434 351 3490 esse
372 3411 531 3488 debeant,
563 3411 654 3476 breui
674 3410 909 3498 sipiificatioue
923 3416 1087 3483 aestuet.

116 3520 198 3590 Nam
227 3542 332 3605 quum
359 3528 450 3582 tanta
475 3520 514 3581 sit
539 3520 624 3582 inter
645 3520 751 3584 uarios
766 3523 1089 3613 populosaauaque

117 3632 263 3712 tempora
285 3626 410 3711 legum,
435 3645 579 3701 morum,
604 3627 825 3692 institutorum
846 3628 1028 3709 diversitas,
1053 3641 1090 3694 ut

117 3732 209 3816 quud
240 3732 318 3795 alibi
338 3732 491 3817 pulcrum
513 3733 752 3818 honestumque
772 3733 948 3815 habeatur,
977 3740 1015 3803 id
1033 3759 1090 3816 ep-

119 3838 192 3902 dem
212 3841 347 3904 consilio
368 3859 408 3902 ac
428 3838 528 3901 modo
550 3850 675 3924 gestum
696 3839 773 3904 alibi
793 3853 887 3930 turpe
907 3856 937 3911 et
954 3848 1089 3913 iudaea.

119 3969 190 4011 rum
215 3951 314 4035 possit
336 3948 454 4025 videri,
488 3950 632 4034 sequitur
660 3972 722 4015 nec
745 3954 878 4037 quaevis
899 3952 981 4019 betae
1002 3961 1089 4038 gesta
