2867 5017
799 346 842 410 82

321 541 443 627 legatos
470 562 489 603 a
518 540 674 605 Romanis
702 539 929 625 Carthaginem
961 556 1026 600 asse
1053 539 1180 613 missos,
1214 554 1288 602 oum

319 650 423 733 iisque
441 648 565 711 Poenos
584 647 626 709 de
643 648 714 709 iure
733 645 972 730 disceptum,
996 643 1079 706 hano
1098 644 1159 707 ait:
1189 642 1288 724 Ἡμῖν

321 754 351 817 δ’
366 754 545 831 αναγκαῖον
562 752 664 832 δοκεῖ,
687 755 723 816 τὸ
741 757 783 834 μὴ
807 749 999 834 παραλιπεῖν
1022 754 1181 815 ἄσκεπτον
1198 754 1288 815 τοῦτο

320 861 357 923 τὸ
373 857 480 941 μέρος·
498 860 555 923 tm
571 866 664 941 μήτε,
688 854 735 930 οἷς
756 864 890 937 καθήκει
908 862 961 920 καί
979 856 1119 939 διαφέρει
1133 858 1167 919 rai
1184 858 1289 938 σαφῶς

321 962 441 1028 εἰδέναι
473 969 535 1043 ’τὴν
570 967 605 1029 ἓν
634 968 758 1037 τούτοις
784 965 970 1049 ἀκρίβειαν,
1001 966 1204 1046 παραπαίωσι
1233 969 1288 1043 τῆς

321 1066 476 1150 ἀληθείας
499 1069 534 1131 ἐν
554 1073 620 1141 τοῖς
637 1068 905 1146 ἀναγκαιοτάτοις
924 1067 1134 1155 διαβυυλίοις·
1162 1068 1239 1150 μήθ’
1258 1069 1290 1130 oi

320 1174 572 1257 φιλομαθοῦντες
594 1181 665 1259 περὶ
688 1183 809 1241 τοιίτων
827 1178 980 1262 οίστοχῶσι
992 1226 1002 1256 ,
1016 1173 1290 1258 συμπλανώμευοι

318 1290 389 1356 ταῖς
418 1283 564 1360 ἀγνοίαις
594 1286 648 1344 καί
675 1279 869 1364 φιλοτιμίαις
901 1286 966 1346 τῶν
993 1279 1197 1365 συγγραφέων
1225 1279 1288 1367 (l).

320 1391 435 1475 Neque
452 1391 539 1455 enim
556 1388 591 1463 ἐξ
611 1388 797 1455 αὐτῶντῶν
817 1396 1091 1474 κατορθωμάτων,
1115 1392 1136 1471 ἦ·
1151 1393 1205 1451 καὶ
1224 1390 1289 1451 τῶν

318 1493 566 1578 ἐλαττωμάτων,
589 1498 703 1577 ἱκανὴν
728 1488 889 1583 ίνδέχεται
915 1500 1187 1579 ποιήσασθαυτὴν
1215 1493 1288 1557 διά-
1338 1534 1341 1540 s

320 1601 422 1685 ληψιν
445 1603 522 1686 ὑπὲρ
538 1608 614 1669 ’τῶν
634 1609 764 1688 ψεκτῶν
784 1612 806 1687 ἤ
820 1606 1012 1671 τούναντίον
1032 1606 1207 1669 ἐπαινετῶν
1225 1602 1288 1665 α”ν-

320 1709 404 1792 ὅρῶν
430 1714 485 1773 καί
511 1708 748 1793 πολιτευμάτων
776 1712 838 1799 (2).
878 1713 1085 1797 Quapropter
1112 1709 1289 1773 innumeris

317 1838 422 1904 paena
445 1818 524 1881 locis
549 1829 699 1899 testatur,
727 1822 765 1883 'se
788 1821 873 1884 hanc
905 1821 956 1885 val
980 1819 1069 1881 iliam
1089 1816 1287 1901 disquisitio-

317 1944 393 1989 nem
413 1926 625 1989 neeessariam
646 1926 772 1989 duxisse
795 1931 885 2011 χάριν
907 1931 961 2006 τῆς
983 1927 1047 1988 τῶν
1067 1920 1288 2003 φιλομαθοῦν-

315 2055 380 2097 των
403 2032 658 2113 ἐπανορθώσεως.
709 2034 824 2117 Neque
849 2034 915 2095 fare
941 2032 1007 2097 ulia
1032 2052 1082 2093 res
1106 2037 1285 2091 memoratu

316 2138 445 2223 dignior
465 2137 500 2199 in
520 2136 652 2200 historia
674 2138 852 2220 Polybiana
881 2140 1044 2213 occurrit,
1073 2138 1155 2221 quin
1183 2135 1284 2197 daea

313 2242 471 2305 iudicium
485 2261 592 2315 suum,
606 2240 705 2303 modo
723 2240 976 2317 brevius‚,modo
992 2242 1108 2318 firsius,
1125 2262 1283 2326 exposue-

316 2350 374 2425 rit,
395 2366 491 2432 saepe
509 2347 555 2409 ita
570 2346 656 2423 susa,
675 2356 791 2411 utnon
806 2358 932 2411 tantum
946 2357 1135 2433 argumenta
1151 2347 1281 2425 afferat,

315 2455 435 2542 quibus
452 2476 546 2519 suam
561 2456 750 2519 sententiam
769 2464 911 2531 tueatur,
934 2455 1070 2517 aliorum
1089 2456 1284 2519 contrariam

314 2561 462 2636 arment,
485 2562 543 2623 sed
565 2582 662 2647 saepo
676 2560 975 2625 etiamillustrandi
994 2578 1091 2623 eausa
1110 2584 1212 2625 unum
1234 2562 1282 2623 al·

314 2678 485 2752 teruntque
505 2670 690 2755 exemplum
708 2678 863 2755 apponat.
893 2669 985 2748 Quae
999 2670 1109 2733 onmia
1126 2690 1195 2756 quo
1214 2688 1283 2731 me-

313 2774 375 2848 iius
397 2775 637 2861 intelligantur,
672 2777 882 2862 inspiciamus
906 2778 1078 2841 nonnullas
1100 2797 1212 2841 aarum
1232 2774 1282 2837 di·
1374 2825 1381 2837 .

314 2884 524 2968 pannonum,
549 2884 670 2969 quibus
688 2885 875 2969 [requenter
894 2884 1071 2947 admodum
1092 2902 1167 2949 usus
1185 2890 1241 2943 est.

353 2992 470 3057 incido
479 2994 514 3056 in
522 2992 776 3080 disputationem
786 2994 827 3055 de
838 2992 940 3075 copiis
948 2990 1168 3063 mercenariis,
1183 3008 1284 3071 quam

312 3100 490 3161 narrationi
515 3101 652 3163 intexuit
673 3098 845 3181 Polybius,
870 3097 912 3160 de
934 3096 1088 3157 saditione
1110 3093 1281 3155 conducti-

312 3204 431 3265 tiorum
456 3202 608 3267 Afrorum
638 3203 790 3269 adversus
818 3202 1095 3289 Carthaginienses
1119 3199 1283 3287 expositu-

310 3328 366 3371 rus
379 3306 455 3393 (3).
486 3309 561 3390 Qua
578 3312 614 3374 in
633 3331 668 3373 re
690 3310 860 3399 divagatus
881 3320 926 3373 est
947 3319 979 3373 et
1000 3308 1079 3373 alias
1096 3310 1139 3373 ob
1159 3328 1280 3385 causas,

312 3425 343 3477 ei
366 3416 446 3501 quia
465 3420 538 3493 τούς
561 3418 736 3505 χρωμένους
757 3424 1000 3501 μισθοφορικαῖς
1019 3416 1182 3497 δυνάμεσι,
1207 3416 1283 3507 τίνα

312 3521 363 3585 δεῖ
381 3530 579 3607 προορᾶσθαι
612 3528 666 3587 καί
694 3521 913 3604 φυλάττεσθαι
935 3524 1120 3605 μακρόθεν,
1151 3518 1282 3603 ἐναργέ-

306 3677 515 3697 ψ-ιοω-ι--ο

340 3744 384 3813 (1)
411 3746 513 3797 uma
530 3762 555 3799 a.
571 3747 616 3798 tt.

341 3834 384 3903 (2)
411 3835 438 3886 L.
457 3835 513 3899 111,
531 3852 554 3885 c.
571 3836 602 3901 4,
621 3843 648 3886 et
665 3835 699 3907 ui
715 3854 738 3889 c.
753 3838 808 3890 118
824 3836 850 3889 in
867 3836 924 3889 iius.

340 3926 384 3995 (3)
411 3930 437 3979 L.
457 3929 485 3995 1,
503 3946 527 3983 c.
545 3928 580 3981 65
594 3945 649 3998 sqq.
