2867 5017
811 417 854 481 at

353 617 493 694 ξενικαῖς
520 614 691 696 δυνάμεσι,
721 615 776 674 sal
804 612 934 698 σχεδὸν,
965 613 1008 686 ὥς
1034 615 1155 694 εἰπεῖν,
1186 616 1330 703 ἀρχηγὸν

352 733 406 790 καὶ
439 729 537 806 μόνον
568 720 673 784 αἴτιον
705 720 829 796 γίνεται
859 723 1002 793 στάσεως.
1048 721 1200 787 Perverse
1229 727 1333 812 igitur

350 837 434 900 haee
468 845 500 896 et
533 827 770 895 inconsiderata
798 827 981 893 Poenorum
1012 828 1141 893 fuerant
1167 832 1327 907 consilia,
1425 908 1426 925 χ

347 945 447 1030 digna
468 961 562 1016 sane,
587 937 629 1000 de
651 935 772 1021 quibus
790 936 910 1020 posteri
928 935 1190 1014 admonerentur,
1216 949 1254 1001 ut
1269 934 1329 1003 re·
1425 942 1426 1013 l

351 1052 436 1113 etius
464 1068 515 1111 res
545 1045 751 1121 ordinarent,
784 1053 816 1106 et
845 1045 1030 1108 constanter
1055 1044 1120 1109 hoo
1140 1043 1201 1108 atri
1221 1065 1331 1132 pone-
1404 1054 1426 1118 j

352 1167 423 1220 rent
449 1154 492 1218 ob
515 1152 644 1216 oculosa
679 1151 723 1223 ὦς
744 1147 896 1213 οὐδέποτε
918 1146 969 1211 δεῖ
987 1149 1064 1233 πρὸς
1085 1149 1122 1213 τὸ
1144 1151 1248 1232 παρὸν
1271 1155 1332 1232 μό-
1425 1174 1426 1197 t

350 1283 429 1337 νον,
458 1258 505 1320 ἔτι
537 1256 570 1319 dl
599 1250 722 1336 μᾶλλον
749 1255 826 1337 πρὸς
855 1255 892 1318 τὸ
918 1251 1035 1336 μέλλον
1056 1253 1256 1341 ἀποβλέπειν
1278 1257 1330 1320 det
1425 1336 1426 1341 η

353 1369 424 1438 τούς
446 1364 549 1446 ὀρθῶς
570 1359 828 1448 βουλευομένους.
1318 1357 1322 1362 ’
1425 1442 1426 1445 ¹

394 1476 439 1536 De
460 1473 563 1557 'copiis
583 1471 789 1534 mercenariis
806 1470 871 1532 alio
890 1470 965 1531 loco
986 1467 1034 1555 (l)
1056 1489 1154 1555 agens
1173 1469 1332 1557 Polybius

352 1584 397 1642 sic
419 1581 544 1652 statuit,
569 1578 654 1655 illas,
680 1598 767 1663 quae
787 1577 848 1641 sub
869 1577 1013 1661 tyrannis
1033 1586 1232 1654 mereantur,
1259 1581 1331 1642 lor·

352 1690 415 1750 tius
435 1707 583 1774 pugnare
605 1687 725 1762 solere,
750 1708 852 1770 quam
872 1706 942 1760 eas,
966 1707 1050 1770 quas
1068 1685 1189 1751 liberae
1210 1686 1332 1751 cirita·
1425 1746 1426 1763 ,

351 1807 398 1858 tes
419 1794 644 1858 conduxerint.
674 1795 715 1857 Ut
737 1795 822 1857 enim
840 1793 958 1856 harum
980 1787 1157 1859 civitatium
1169 1795 1333 1880 ingenuos
1425 1790 1426 1859 Ῡ

350 1902 479 1977 milites,
512 1921 573 1988 pro
603 1903 665 1965 aris
684 1902 836 1988 iocisque
858 1913 1035 1979 certantes,
1064 1897 1191 1969 serviles
1212 1911 1330 1987 tyran·
1425 1976 1426 1985 ,

348 2029 471 2082 norum
487 2011 599 2095 copias
617 2012 806 2078 fortitudine
827 2013 923 2077 facile.
944 2026 1110 2098 superare,
1137 2012 1184 2075 ita
1209 2021 1329 2076 contra

349 2117 528 2181 earundem
548 2121 763 2182 mercenarios
783 2122 822 2184 iis
836 2123 1031 2207 plerumque
1049 2120 1165 2183 cedere
1186 2119 1327 2195 debere,

305 2293 307 2298 ,
348 2225 412 2308 qui
432 2243 451 2286 a
474 2234 684 2308 tyrannorum
708 2227 856 2312 partibus
875 2238 969 2292 stent.
1009 2227 1091 2290 llam
1112 2246 1189 2289 cum
1208 2247 1228 2288 a
1247 2226 1329 2290 belli
1425 2242 1426 2245 ’

347 2339 468 2392 eventu
498 2340 712 2418 utrorumque
742 2333 874 2397 fortuna
902 2333 1061 2418 pendeat,
1095 2332 1132 2394 id
1158 2334 1244 2397 inter
1272 2355 1330 2398 eos

351 2437 493 2513 differre,
518 2437 611 2522 quod
628 2438 731 2501 libera
750 2440 862 2502 civitas
878 2449 951 2525 post
968 2439 1138 2503 victoriam
1155 2441 1331 2506 conducto

351 2544 451 2608 milite
472 2562 540 2604 non
558 2541 695 2625 amplius
712 2542 871 2628 indigeat,
895 2543 1039 2627 tyrannis
1053 2541 1149 2620 vero,
1172 2543 1235 2625 ὅσῳ
1253 2571 1330 2626 μει-

232 2711 235 2716 ,
350 2648 452 2722 ζόνων
480 2649 620 2727 ἐφίεται,
653 2655 791 2734 τοσουτῳ
821 2650 977 2716 πλειόνων
999 2651 1181 2737 προσδεῖται
1206 2661 1330 2736 predo·
1425 2646 1426 2651 ἵ

329 2760 453 2840 ,φόρων
465 2757 771 2844 ,quandoquidem
796 2766 817 2840 ἡ
836 2766 1002 2846 μονάρχων
1024 2760 1180 2844 ἀσφάλεια
1202 2762 1238 2825 τὸ
1260 2784 1330 2824 πα·

350 2869 457 2947 adrev
485 2865 520 2929 ἐν
551 2873 590 2949 τῇ
611 2869 675 2930 τῶν
698 2867 800 2941 ξένων
829 2868 938 2949 εὐνοίᾳ
965 2875 1068 2933 κεῖται
1095 2875 1149 2933 aral
1179 2869 1326 2952 δυνάμει.

283 2986 288 2993 ’
392 2975 474 3038 Belli
500 2976 615 3042 Punici
637 2978 669 3040 ll
701 2999 815 3042 causas
841 2980 1057 3064 explicantem
1078 2979 1249 3062 Polybium
1269 2999 1327 3040 su·

353 3081 582 3162 previdimus.
615 3083 701 3166 Age,
731 3105 821 3146 nunc
849 3084 1018 3148 audiamus
1045 3084 1264 3170 disputantem
1284 3087 1330 3150 ‹le
1425 3146 1426 3165 ,

351 3181 440 3246 iustis
458 3183 628 3250 ambarum
642 3191 785 3273 partium
805 3193 985 3258 rationibus
998 3195 1033 3258 in
1051 3194 1116 3260 hoo
1132 3196 1219 3260 bello
1234 3218 1327 3261 com·

353 3291 521 3356 mittendo.
579 3297 671 3378 Quae
715 3300 908 3387 disceptatio
940 3293 977 3366 ut
1004 3303 1088 3369 bene
1118 3307 1325 3381 instituatur,

350 3400 527 3485 praemittit
567 3405 720 3490 Polybius
755 3419 923 3496 tamquam
956 3411 1228 3479 introductionem
1265 3413 1327 3473 ali·

354 3505 475 3591 quam,
505 3509 538 3571 in
562 3535 629 3596 qua
652 3515 761 3576 omnia
782 3516 914 3580 foedera
929 3535 950 3593 ,·
969 3540 1054 3603 quae
1075 3537 1232 3601 umquam
1253 3515 1328 3580 llo·

355 3635 468 3676 manos
492 3616 575 3679 inter
605 3631 636 3684 et
659 3621 939 3708 Carthaginienses
958 3627 1024 3688 icta
1044 3637 1158 3701 essent,
1182 3637 1329 3691 recenset

354 3731 386 3780 et
407 3741 465 3782 suo
494 3727 726 3788 commentario
752 3728 898 3792 illustrat.
936 3732 1009 3810 Qua
1026 3733 1060 3796 in
1081 3752 1115 3794 re
1136 3731 1253 3799 Philini
1272 3733 1326 3796 bi·
1364 3788 1371 3793 .

354 3826 461 3887 storici
480 3847 602 3890 errores
623 3849 690 3893 non
712 3855 780 3896 uno
801 3835 875 3900 loco
894 3836 1008 3900 refellit
1033 3836 1095 3924 (2)

350 3957 541 3975 m

359 3981 421 4078 1(1)
450 4013 477 4060 a.
496 4011 548 4074 xt,
568 4029 590 4062 a
610 4015 652 4064 13.

380 4101 422 4169 (a)
451 4104 479 4156 n.
497 4103 551 4168 111,
571 4121 592 4154 c.
613 4105 726 4160 aa-sa.
