2867 5017
605 370 667 433 1¹7

142 562 321 649 ¹uoluptatis
340 569 373 623 et
394 560 540 623 utilitatis
560 558 892 635 commandationem,
923 582 991 625 ιιοιι
1012 570 1121 627 tamen

139 670 189 733 ita‘
208 668 275 731 hoc
292 666 521 753 accipiendum
536 678 597 743 est,
616 668 711 752 qnasi
731 666 960 733 nihilomnino
977 668 1120 743 intersit,

139 792 290 859 quanam
318 772 445 839 ratione
473 773 607 837 historia
632 774 803 839 scribetur.
838 774 920 839 Nam
941 794 1045 860 quum
1066 776 1117 841 iu-

141 878 255 943 cundo
272 878 465 955 iucundius,
484 880 556 943 utili
575 880 701 956 utilius,
720 880 809 945 bono
822 880 936 947 melius
953 903 1019 947 csse
1039 902 1115 968 pos·

138 984 200 1061 sit,
221 984 377 1069 idemque
394 985 438 1048 de
453 984 585 1049 historie
603 986 725 1062 valeat,
749 996 789 1051 ut
808 986 876 1051 eins
895 986 1035 1063 sruotns,
1057 1008 1117 1073 per

138 1112 172 1154 se
193 1092 257 1177 iqui
274 1091 338 1155 iam
358 1090 495 1169 uberes,
514 1113 555 1157 eo
574 1104 683 1159 tamen
702 1094 778 1159 fieri·
796 1093 919 1179 possint
938 1092 1113 1171 uberiores,

136 1220 210 1285 quo
233 1198 354 1261 rectius
374 1219 433 1261 suo
453 1220 588 1264 munere
609 1200 765 1285 iungatur
786 1199 974 1275 historicus,
1006 1200 1115 1284 eequi-

135 1314 193 1369 tur
211 1304 299 1368 hanc
310 1293 440 1389 gravem
453 1308 770 1392 esseqnaestiouern,
795 1326 958 1394 quaenam
968 1306 1008 1369 sit
1025 1309 1113 1393 opti·

135 1432 192 1475 ma
225 1410 377 1475 historiae
407 1412 662 1477 conscribendae
697 1414 792 1477 ratio.
830 1414 878 1477 De
909 1412 973 1477 hac
1005 1423 1114 1477 antean

136 1516 335 1603 quaestione·
362 1538 382 1579 a
410 1517 557 1602 plurimis
579 1518 654 1581 viris
675 1518 781 1581 doctis
801 1519 928 1605 egregie
949 1539 1045 1605 saepe
1066 1532 1112 1585 est

131 1625 355 1712 disputatum,
381 1631 412 1684 et
431 1623 478 1687 ita
496 1624 630 1709 quidem
653 1635 689 1689 ut
707 1626 763 1689 alii
785 1626 827 1689 de
848 1625 995 1691 universo
1016 1647 1114 1715 gene·

128 1754 171 1797 re
189 1733 323 1819 copiose
338 1740 657 1810 commentaremur,
671 1734 726 1797 alii
742 1734 884 1821 singulas
898 1743 1008 1819 partes
1025 1753 1121 1799 seor*

132 1840 198 1905 sim
226 1838 412 1903 tractandas
441 1838 502 1901 sibi
529 1851 713 1903 sumerent..
745 1841 814 1905 Nec
834 1842 1027 1917 defuerunt,
1053 1842 1112 1926 qui

131 1946 170 2011 in
192 1941 408 2009 examinanda
429 1962 468 2003 ea
484 1951 595 2025 parte,
620 1963 707 2025 quae
725 1946 928 2029 pragmatica
949 1947 1112 2011 scribendi

131 2051 264 2117 ratione
304 2048 508 2125 continetur,
545 2048 689 2112 deditam
732 2070 867 2138 operam
898 2053 1107 2117 collocarent

125 2156 280 2228 ¹luruluit
308 2156 373 2219 hoc
402 2156 589 2241 pracsertim
614 2157 746 2221 ineunte
774 2160 905 2223 saeculo
933 2159 1109 2244 superiori,

132 2287 208 2353 qno
237 2276 383 2351 tempore
410 2263 579 2349 singularis
607 2263 775 2329 hominum
804 2267 938 2331 animos.
954 2266 1111 2331 inuaserat

134 2375 237 2439 ardor
253 2373 296 2437 de
310 2370 461 2437 historiae
482 2373 657 2458 scriptione
678 2373 862 2437 disserendi.
886 2374 935 2437 Ao
954 2383 1024 2437 tum
1034 2376 1110 2459 qui·

131 2484 213 2549 dem
233 2482 277 2547 de
295 2481 499 2569 pragmatica
514 2482 643 2545 ratione
654 2480 735 2545 nihil
757 2482 832 2545 sere
845 2480 905 2544 nisi
925 2480 960 2543 in
979 2480 1111 2547 laudem

129 2590 362 2677 promebatur,
387 2599 545 2673 tantoque
565 2590 814 2675 praestantiores
831 2608 897 2651 esse
913 2587 1108 2653 videbantur

133 2698 303 2773 historici,
331 2704 457 2780 quanto
489 2694 617 2779 plenius
644 2704 676 2755 et
700 2694 886 2778 diligentius
902 2712 953 2765 ‚ea
982 2695 1108 2757 ratione

131 2814 314 2870 uterentur.
338 2803 487 2882 Quorum
497 2810 605 2864 tamen
621 2798 860 2883 disquisitiones
875 2799 1003 2861 maioris
1013 2801 1109 2883 pretii

133 2911 366 2985 hodielorent,
387 2909 430 2983 si,
454 2905 538 2992 quid
547 2905 679 2969 tandem
690 2914 769 2968 esset
779 2904 1026 2990 pragmatismus
1035 2904 1103 2979 ille,

135 3020 181 3083 dc
208 3038 276 3103 quo
305 3025 376 3080 erat
402 3034 525 3089 sermo,
555 3012 735 3075 distinctius
764 3010 989 3075 definivissent.
1042 3010 1108 3073 Etsi

132 3127 223 3194 enim
253 3125 291 3189 iis
321 3132 397 3187 ante
422 3121 535 3185 oculos
559 3119 655 3183 fuisse
681 3120 831 3191 novimus
855 3115 982 3201 Polybii
1003 3137 1108 3181 exem·

123 3232 247 3316 plum,
278 3227 372 3313 quod
398 3248 517 3311 magna
544 3246 621 3290 cum
642 3225 855 3289 admiratione
875 3221 1104 3299 inuehuntur,

132 3335 288 3409 dubitare
316 3342 425 3395 tamen
437 3345 440 3350 '
452 3333 530 3394 licet
556 3352 597 3393 an
622 3352 732 3395 omnes
751 3333 835 3395 illud
855 3332 1039 3416 exemplum
1059 3333 1104 3395 ite

124 3451 292 3509 ¹accurate
320 3438 577 3524 exploraverint,
611 3448 648 3501 ut
672 3447 796 3501 certam
821 3438 965 3522 aliquam
992 3447 1024 3499 et
1045 3438 1104 3501 rite

132 3529 416 3633 circumscriptam
450 3547 491 3611 de
522 3548 712 3632 quaestione
742 3558 908 3635 proponta
939 3544 1103 3613 notionem

126 3656 197 3721 sibi
214 3656 436 3720 informarent.
470 3652 535 3717 Sed
552 3662 678 3737 postea,
704 3664 741 3717 ut
758 3654 865 3718 fervor
885 3655 940 3719 ille
960 3656 1102 3721 seriben-

138 3766 218 3827 tium
234 3763 406 3852 paullatim
426 3760 585 3835 consedit,
603 3760 800 3824 moderatius
815 3771 846 3825 ct
861 3763 1054 3848 prudentius
1070 3767 1105 3828 in

138 3888 209 3934 enm
226 3865 449 3957 quaestionem
466 3867 586 3952 inquiri
601 3877 756 3953 coeptum
774 3877 830 3931 est.
865 3868 978 3956 Neque
997 3884 1104 3937 tamen

138 3986 208 4041 sum
235 4000 301 4044 une
331 3990 362 4045 et
393 3976 593 4042 consentiens
621 3976 682 4039 fuit
703 3976 902 4047 eruditorum
924 3985 996 4044 roh.
1043 3979 1105 4043 Alii
