2867 5017
566 341 610 403 59

112 529 313 597 contenderat
332 534 386 592 καὶ
406 529 578 611 dessonare
593 537 714 596 παθεῖν
732 535 864 597 πάντων
879 533 1073 619 ἀνθρώπων.

111 639 168 703 Sed
197 638 351 724 Polybius
381 647 482 701 totam
507 639 683 726 Phylarebi
715 639 766 704 de'
788 639 885 704 bruas
913 642 974 708 viri
1004 648 1075 711 lato

109 749 307 824 sententiam,
343 768 418 810 curn
436 747 612 812 lectoribus
635 749 926 827 communicatam,
952 750 1002 814 -de
1026 753 1079 817 in-

110 857 226 919 dustria
247 854 456 919 refellendam
466 855 527 920 sibi
547 857 660 933 sumit,
685 856 880 934 sedando,
905 858 1078 924 vehemen-

108 973 165 1025 ter·
183 962 222 1024 in
248 959 507 1024 Aristomachum
538 963 701 1040 invectus,
737 980 862 1029 summo
894 966 963 1028 iure
998 986 1073 1030 erma

108 1069 194 1132 subse
216 1069 361 1132 consum
382 1069 559 1132 contendit.
605 1071 689 1132 Huic
711 1071 829 1156 igitur,
865 1073 923 1157 qui
941 1074 1077 1158 ,vitupe-

108 1176 227 1238 ratione
260 1176 465 1262 dignissinnrs.
494 1187 593 1253 esset,
628 1177 742 1241 lau'des
770 1177 917 1242 tribuisse
942 1179 1078 1267 Phylar-

108 1283 221 1359 chum,
243 1283 394 1369 neglecta
416 1284 449 1344 in
469 1282 647 1345 iudicando
671 1284 855 1368 aequitate,
879 1293 955 1349 eum
980 1307 1075 1373 prae-

31 1383 33 1466 i
106 1389 208 1452 sertim
234 1389 321 1452 idam
341 1389 397 1452 ille
417 1389 561 1475 generosi
586 1387 933 1474 Megalopolitanorum
958 1396 1077 1471 animi,

31 1537 32 1562 ;
106 1498 193 1562 ouius
214 1497 280 1561 hoc
299 1498 373 1583 ipso
394 1505 539 1581 tempore
557 1496 681 1559 illustre
700 1496 935 1562 documentum
955 1500 1078 1566 editum

31 1611 33 1642 t
105 1617 197 1684 esset,
234 1628 276 1670 ne
296 1605 492 1668 mentionem
522 1603 656 1689 quidem
681 1603 817 1668 fecisset.
861 1604 905 1668 At
931 1607 1077 1671 historici

31 1785 33 1794 Ι
103 1722 251 1790 nonest,
284 1715 332 1778 sie
352 1714 459 1801 pergit
481 1713 651 1798 Polybius,
674 1714 761 1776 mala
784 1723 910 1777 tantm
930 1715 1078 1780 facinora

103 1841 243 1896 narrare,
257 1822 575 1906 praeclarequoque
586 1821 675 1882 sacta
693 1841 769 1882 ernn
784 1842 963 1885 memorare
977 1844 1078 1910 opor·

34 1961 36 2018 ss
104 1935 163 2002 tet,
188 1927 294 2011 iisque
316 1945 480 2010 apponere
499 1926 554 1987 τὸν
578 1923 712 1987 ἔπαινον
735 1929 791 1987 set
809 1929 867 2004 τὴν
892 1927 944 1989 ἐπ’
963 1929 1080 2014 ἀγαθῷ

102 2040 239 2114 μνήμην.
273 2033 316 2096 At
333 2031 535 2118 Phylarchus
555 2031 638 2095 haee
659 2034 768 2096 omnia
795 2055 886 2097 secus
910 2035 995 2121 egit,
1020 2061 1079 2101 rv-

33 2153 34 2174 *
102 2140 273 2223 φλὼττωα,
298 2140 339 2214 ὣς
358 2139 391 2218 γ’
408 2139 476 2220 ἐμοὶ
495 2136 598 2218 dorsi,
623 2142 694 2222 περὶ
712 2141 752 2202 sot
770 2137 924 2204 κάλλιστα
940 2144 997 2204 ttod
1017 2145 1080 2224 gad-⁴

32 2277 33 2328 y
103 2247 195 2312 itura
214 2252 390 2331 συγγραφεῖ
407 2252 595 2326 καθήκοντα
616 2247 679 2310 τῶν
702 2245 813 2330 ἔργων.

140 2356 259 2440 Neque
273 2355 355 2418 haec
373 2355 438 2416 iam
457 2354 605 2417 sufficere
626 2355 800 2444 arbitratus
807 2354 977 2440 Polybius,
999 2359 1076 2443 plu-

103 2485 136 2527 ra
158 2464 256 2526 ctiam
275 2463 309 2526 in
330 2463 516 2548 Phylarcho
538 2463 692 2548 culpavit.
738 2463 948 2540 lluucenim,
971 2486 1079 2528 renim

103 2571 205 2634 causis
226 2571 292 2632 non'
319 2568 511 2643 declaratis,
537 2567 696 2644 effecisse,
729 2569 766 2630 ut
794 2587 892 2653 saepe
918 2570 1077 2634 lectorum

102 2676 320 2742 misericordia
346 2677 437 2738 nullo
457 2677 527 2738 iure
549 2677 763 2752 excitaretur,
788 2687 892 2760 utque
917 2677 1077 2743 discerent

102 2807 248 2873 perverse
267 2784 308 2847 de
325 2785 489 2873 plerisque
508 2784 665 2847 iudicare.
708 2785 791 2846 'l'um
805 2785 839 2846 in
857 2785 926 2846 aliis
941 2807 1079 2872 quoque

102 2897 195 2960 rebus
216 2895 318 2981 multa
337 2913 434 2979 supra
460 2891 595 2954 modum
614 2913 837 2978 exaggerasse,
862 2913 959 2979 saepe
979 2896 1076 2986 etiam

102 3005 160 3068 sibi
181 3003 320 3071 invicem
342 3001 504 3066 contraria
530 2998 706 3100 scripsisse,
742 3022 830 3084 quae
851 3002 959 3064 omnia
977 3002 1073 3088 Poly-

101 3112 188 3188 bius,
214 3130 302 3172 more
323 3129 401 3184 suo,
427 3107 558 3195 copiose
581 3105 737 3190 explicuit
756 3107 946 3192 selectisqne
967 3110 1075 3193 speei-

102 3219 242 3282 minibus
264 3219 474 3282 confinnarit.
520 3226 534 3266 ὂ

141 3327 188 3389 At
208 3325 316 3386 nullus
337 3333 382 3385 est
398 3323 583 3400 historicus,
610 3341 708 3406 quem
721 3333 787 3386 tam
797 3324 1001 3390 vehementer
1010 3326 1076 3388 Po-

101 3433 209 3518 lybius
231 3429 458 3515 exagitaverit,
483 3449 582 3513 quam
600 3424 849 3515 Theopompum
873 3429 934 3516 (l).
979 3432 1078 3496 Hunc

105 3541 237 3603 enimet
259 3538 493 3600 inconstantiae
520 3537 647 3600 incusat
669 3545 699 3598 et
720 3537 984 3616 maledicentiae3
1018 3539 1078 3623 qui

107 3669 207 3732 quum
226 3647 260 3708 in
282 3647 388 3731 operis
412 3644 503 3708 initio
531 3643 766 3720 contendisset,
794 3666 906 3730 parem
924 3645 1077 3732 Philippo

105 3752 207 3815 virum
223 3753 258 3816 in
279 3753 409 3838 Europa
432 3751 585 3816 exstitisse
604 3749 778 3827 nemiuem,
804 3751 943 3814 eundem
961 3763 1075 3839 postea

101 3902 309 3926 -2—-2—-0

133 3977 176 4045 (1)
201 3979 227 4032 a
247 3962 322 4046 uu,
342 3995 365 4032 0.
384 3979 417 4030 11
438 3994 511 4050 sqq,
530 3985 555 4028 et
574 3976 734 4044 1111111,
756 3993 781 4032 a
797 3975 841 4031 n.
