2867 5017
551 363 594 430 63

134 555 203 618 Post
224 575 284 633 ea,
309 577 394 642 quae
413 559 454 622 de
475 558 613 637 iudicio,
637 559 763 646 ubique
779 585 798 626 ιι
816 563 953 649 Polybio
969 567 1065 631 inter·-

98 663 196 748 posito
217 661 292 748 (l),
317 662 401 740 dixi,
426 665 507 727 exile
528 664 626 742 sorel,
650 667 675 728 si
694 668 864 747 adderem,
888 673 1066 739 innumeris

99 791 225 856 quoque
247 769 329 833 loeis
349 757 477 835 brevius
501 793 577 835 eum
598 773 784 858 opinionem
803 797 895 841 suam
913 782 1064 844 enuntia-

99 899 144 954 re,
178 879 258 941 dum
280 887 336 940 aut
358 878 443 940 παιιύ
466 879 622 963 νουνεχῶς
644 881 698 941 nol
727 886 972 964 πραγματικῶς,
1008 897 1066 950 aut

96 988 284 1068 ἡγεμονικῶς
309 993 364 1054 sul
396 993 611 1074 στρατηγικῶς
639 993 765 1056 iactum
796 994 877 1080 quid
903 997 1063 1074 affinnat,

99 1103 151 1156 aul
172 1095 240 1158 aliis
261 1116 368 1161 rursus
387 1097 491 1162 modis
512 1098 637 1175 obiter,
662 1099 745 1184 quid
766 1101 835 1186 ipse
855 1103 898 1166 de
915 1124 1067 1191 unaqua-

98 1223 159 1286 que
178 1223 212 1265 re
233 1205 370 1281 sentiat,
395 1205 566 1292 signifieat.
612 1207 700 1269 Haeo
719 1208 805 1269 enim
823 1228 926 1292 parva
945 1221 1017 1274 sunl
1035 1222 1066 1274 et

96 1313 219 1389 tenuia,
257 1323 290 1376 el
310 1314 459 1392 illorum,
494 1335 581 1401 quae
602 1335 699 1404 snpra
723 1316 882 1402 explicui,
918 1313 1065 1381 ubertate

98 1436 134 1479 ae
153 1420 314 1504 paritate
329 1421 425 1485 facile
445 1423 630 1486 vincuntur.
676 1422 732 1484 His
753 1422 851 1507 igitur
867 1423 988 1498 missis,
1022 1424 1065 1486 nd

96 1525 155 1588 alia
175 1547 358 1613 pergamus

540 1743 613 1830 §a

104 1955 241 2042 Monito
264 1967 297 2020 et
318 1966 503 2042 praecepto
525 1957 692 2020 historiae
714 1961 859 2018 innectit
881 1953 1057 2040 Polybius.

131 2170 172 2233 ln
193 2172 304 2249 tertia,
331 2173 371 2236 de
382 2195 449 2258 qua
461 2175 525 2236 iam
537 2172 716 2266 dicendum*
730 2182 794 2248 est,
819 2171 951 2234 rationis
967 2191 1066 2257 prag·

93 2279 233 2340 malieae
255 2290 348 2365 parte
366 2279 431 2343 hoo
460 2290 623 2366 praestare
643 2281 746 2344 voluit
767 2278 938 2365 Polybius,
972 2279 1067 2364 quod

97 2385 258 2476 reliquum
288 2405 353 2448 esse
385 2383 544 2470 putabat,
576 2394 613 2447 ul
641 2395 792 2472 suscepto
823 2406 900 2448 ase
928 2384 1070 2449 docendi

95 2511 227 2555 munere
247 2493 345 2577 pleno
366 2501 466 2577 alque
494 2493 643 2556 omnibus
663 2494 805 2556 numeris
823 2491 972 2556 absoluto
990 2492 1068 2553 lun-

98 2610 231 2683 geretur.
289 2597 381 2678 Quae
412 2600 497 2662 enim
528 2600 700 2685 hueusque
726 2602 991 2675 memoravimus,
1027 2617 1066 2659 eo

95 2719 214 2772 euneta
236 2688 506 2792 spectabant,”ul
526 2727 661 2790 quaque
681 2729 716 2770 re
739 2710 806 2771 suis
826 2730 865 2772 ex
886 2706 991 2769 nausis
1011 2723 1067 2764 ex-

99 2813 218 2896 plicata
240 2827 365 2878 certum
384 2813 519 2899 aliquod
538 2813 579 2876 de
600 2815 757 2899 cuiusque
766 2813 911 2877 bonitate
923 2822 979 2876 aut
989 2811 1066 2874 vitio

98 2919 251 2985 iudieirnn
276 2931 448 2986 eonslaret.
497 2916 612 3006 Neque
632 2922 683 2985 vel
705 2922 752 2984 sie
774 2932 883 2984 tamen
900 2920 975 2982 satio
993 2917 1065 3002 pla·

99 3045 172 3091 num
203 3030 264 3093 iler
285 3041 316 3094 et
336 3023 523 3116 expeditum
539 3029 680 3115 ‘Polybio
711 3030 901 3106 videbatur,
935 3037 973 3091 ul
1003 3027 1068 3088 iam

96 3134 154 3220 ipsi
174 3159 234 3201 suo
254 3140 355 3203 Marte
375 3141 512 3204 lectores
529 3139 696 3225 pervenire
713 3147 843 3223 possent
864 3136 907 3199 ad
924 3132 1067 3198 salubres

99 3241 168 3314 illos
196 3249 410 3332 experientiae
442 3249 588 3325 fruetus,
623 3249 657 3311 in
688 3247 810 3332 quibus
842 3254 967 3309 lantum
995 3257 1071 3306 nou·

96 3351 196 3413 unica
216 3351 368 3416 historiae
387 3355 504 3417 utilitas
527 3364 607 3418 esset
627 3353 790 3438 ponenda.
837 3353 1062 3438 Quapropter,

126 3617 166 3688 (1)
193 3619 220 3670 Si
242 3620 298 3690 quir
317 3619 377 3672 alios
393 3609 460 3674 loeus
475 3603 617 3688 desiderat,
645 3605 687 3673 ubi
709 3618 831 3672 iudicium
850 3637 922 3671 srurm
940 3616 1062 3670 derebus

104 3711 274 3784 euirncumque
292 3700 390 3782 perieris
409 3716 520 3784 exposuit
533 3714 664 3783 Polybius,
684 3713 782 3765 evolvat
798 3714 853 3779 l.l,
873 3733 895 3764 o.
912 3712 963 3777 81,
982 3713 999 3763 l.
1019 3712 1070 3775 11,

101 3806 122 3856 ε’.
136 3807 185 3872 12,
210 3804 227 3858 l.
245 3809 295 3875 IV,
320 3826 342 3859 c.
363 3810 415 3874 30,
438 3809 492 3873 31,
517 3809 570 3873 ⁸14,
590 3809 640 3874 81,
659 3808 730 3872 lv,
749 3825 771 3860 e.
792 3806 843 3872 ⁷5,
862 3807 878 3857 1.
899 3805 950 3869 ΙΧ,
969 3823 991 3856 e.
1008 3803 1060 3867 2¹,

102 3897 118 3948 1.
135 3899 191 3967 XV,
209 3920 231 3953 e.
251 3903 302 3968 21,
321 3903 373 3967 34,
392 3902 408 3953 l.
425 3903 499 3967 xvi,
518 3920 540 3952 o.
560 3904 611 3966 40,
630 3903 646 3953 l.
666 3903 787 3966 xxvfll,
806 3922 828 3954 e.
849 3903 883 3966 9,
902 3899 919 3949 Ι.
933 3898 1060 3959 ΧΧΧ,-ο·

104 3991 659 4061 l,5,7,16,18,1.xn,c„5,Exc.
683 3995 1007 4065 Vosmpnasqqeet:
