2867 5017
819 333 863 394 60

342 531 475 614 eiusque
496 527 666 590 familiares
687 528 803 610 quovis
821 528 988 612 nequitiae
1007 528 1254 615 spurcitiaeque
1270 531 1326 596 lo·

340 637 382 700 be
407 636 607 721 adsperserit.
653 634 728 720 Ipsa
747 635 889 698 auctoris
905 634 1004 699 verbs
1024 637 1164 720 apponit
1182 637 1322 724 Polybi·

342 764 381 806 us
402 741 474 827 (Ι),
499 742 600 828 inque
618 763 657 806 eo
679 751 747 804 tam
772 743 891 805 acriter
910 743 1077 819 invectus,
1101 753 1137 808 ut
1158 745 1236 827 μηδ’
1257 749 1329 810 ὑπὸ

341 845 436 926 loyor
458 847 588 912 πίπτειν
612 848 772 925 affirmet,
803 869 880 912 mox
900 849 1109 935 progreditur
1138 852 1185 914 ad
1213 863 1328 915 totrm

340 956 521 1040 scriptionis
567 955 818 1041 Theopompeae
867 956 1036 1018 consilium
1078 956 1322 1022 damnandum.

343 1062 436 1142 Quae
463 1063 572 1128 omnia
592 1064 638 1126 ita
665 1063 758 1128 dicta
779 1074 870 1140 sunt,
904 1075 941 1128 ut
962 1063 1110 1128 acerbius
1130 1065 1330 1151 quidquam

344 1180 400 1236 aut
422 1170 591 1234 violentius
611 1172 708 1235 scribi
730 1172 821 1235 houd
839 1173 934 1235 facile
954 1173 1063 1257 possit.

383 1277 486 1340 Erunt
502 1278 569 1341 sine
588 1278 707 1356 dubio,
741 1279 864 1365 quibus
880 1279 963 1341 haec
983 1278 1109 1363 Polybii
1131 1280 1261 1344 indicia
1282 1282 1331 1344 dc

343 1384 465 1462 tribus,
500 1407 586 1471 quos
605 1386 692 1462 dixi,
724 1387 934 1472 scriptoribus
953 1388 1068 1472 iniqua
1089 1389 1166 1451 sotis
1184 1389 1327 1453 videan-

343 1501 414 1569 tur,
438 1495 566 1581 quique
586 1505 753 1559 auctorem
770 1496 885 1558 eodem
904 1496 963 1558 illo
980 1496 1166 1580 asperitatis·
1182 1505 1217 1560 et
1236 1499 1331 1560 isdu-
1424 1518 1425 1521 ’

343 1601 446 1665 stitiae
468 1603 618 1678 crimine,
636 1601 853 1686 qnodiualiis
868 1602 974 1686 carpit
985 1600 1210 1677 vehementer,
1229 1602 1327 1665 haud

344 1709 453 1773 leviter
480 1711 586 1796 ipsum
616 1710 716 1770 teneri
741 1707 929 1769 existiment.
969 1707 1121 1786 Quorum
1138 1708 1329 1770 sententiae

344 1816 496 1899 equidem
513 1817 593 1880 nihil
612 1838 796 1903 opponam,
821 1817 881 1901 qui
897 1816 1081 1900 complures
1096 1815 1182 1878 viros
1203 1817 1326 1878 doctos

344 1924 384 1986 de
396 1925 542 2002 Timaeo,
563 1926 765 2011 Phylarcho,
787 1927 999 2012 Theopompo
1013 1925 1121 1988 mitius
1142 1931 1328 1986 statuentes

343 2033 469 2097 videam
494 2034 566 2120 (2),
590 2057 652 2099 nec
674 2038 816 2121 partium
837 2035 933 2099 studii
952 2043 984 2096 et
1003 2033 1121 2096 nimiae
1146 2031 1328 2096 violentiae

342 2141 439 2224 plane
460 2140 625 2204 absolvere
646 2141 817 2226 Polybium
846 2141 947 2204 ausim
971 2138 1033 2225 (3).
1079 2139 1144 2202 Sed
1164 2139 1218 2202 his
1239 2139 1328 2202 elio·

370 2387 414 2456 (T)
439 2391 548 2454 Αὐταῖς
564 2397 634 2464 γὰρ,
652 2390 733 2460 inquit
752 2409 775 2444 c.
794 2391 839 2455 11,
857 2395 971 2453 λέξεσιν,
990 2383 1032 2450 αἶς
1049 2391 1148 2450 ἐκεῖνος
1164 2393 1322 2462 κέχρηται,

346 2480 583 2542 resurrecturus.

371 2565 413 2632 (2)
441 2563 570 2616 Timaeum
588 2561 702 2614 defendit
722 2563 867 2627 assuerus,
895 2563 938 2614 De
955 2563 1016 2614 situ
1038 2572 1067 2614 et
1092 2560 1203 2633 origiue
1221 2565 1328 2636 Syra-

344 2671 490 2718 cusarum,
509 2671 533 2722 p.
551 2653 606 2704 187
622 2671 693 2724 sqq.;
711 2651 879 2722 Phylarcbum
897 2652 1015 2706 bucbtiru
1034 2653 1059 2706 iu
1079 2652 1120 2706 cd.
1139 2655 1325 2727 franghyl.

344 2764 368 2816 p.
383 2746 420 2795 20
439 2761 493 2816 sqq.
510 2753 536 2795 et
552 2747 629 2797 Lucas
645 2745 661 2797 l.
682 2746 698 2799 l.
718 2764 743 2817 p.
760 2747 796 2817 54
813 2765 885 2818 sqq.;
904 2745 1093 2820 Theopompum
1113 2749 1255 2818 Piluglius,
1277 2752 1319 2802 Dc

347 2837 442 2912 Theop.
465 2837 528 2892 ctis·
547 2843 606 2893 cita
625 2853 653 2894 et
677 2844 812 2914 scriptis,
830 2861 855 2913 p.
875 2845 912 2894 60
931 2861 986 2913 sqq.
1003 2852 1029 2894 et
1047 2843 1178 2910 Eyssonius
1197 2843 1322 2894 Wichers

258 2918 262 2922 “
344 2935 370 2985 in
390 2931 430 2984 ed.
450 2934 538 3004 fragm.
558 2935 651 3004 Theop.
672 2955 696 3006 p.
717 2938 867 2987 5001253
887 2954 925 3004 sq.
962 2933 1037 2986 Adde
1060 2953 1124 3004 quae
1140 2935 1181 2985 alii
1198 2953 1246 3004 pro
1263 2935 1320 2986 aliis

343 3027 502 3096 scriptoribus
516 3037 601 3080 contra
617 3028 748 3097 Polybium
764 3028 967 3099 disputsyorunt,
995 3035 1021 3076 et
1040 3043 1086 3094 pre
1101 3027 1179 3079 Fabio
1194 3029 1232 3080 lo.
1252 3031 1324 3095 Aug.

342 3125 467 3177 Ernestius
485 3125 511 3174 iu
531 3126 630 3194 opusc.
650 3125 751 3176 Petet.
774 3125 840 3176 Gn't
860 3144 885 3194 p.
904 3126 958 3176 102
975 3141 1031 3193 sqq.

370 3218 413 3286 (3)
440 3219 476 3270 Nc
495 3227 579 3270 tamen
598 3216 658 3268 data
677 3234 753 3287 opera
772 3234 802 3269 es
821 3216 934 3285 selegisse
950 3215 1056 3281 ridear,
1082 3213 1218 3286 inquibus
1239 3235 1322 3270 acer-

344 3313 401 3366 bior
411 3331 497 3366 censor
517 3313 565 3366 suit
580 3311 711 3382 Polybius,
730 3328 855 3383 opponere
874 3309 936 3362 libet
952 3311 1034 3363 locum
1050 3311 1179 3380 aliquem,
1205 3309 1317 3362 ubicle-

344 3411 451 3462 mcntius
468 3409 596 3464 indicavit.
633 3409 766 3478 Postquam
783 3407 851 3460 enim
869 3403 933 3458 dixit
952 3405 1045 3458 alicubi
1065 3407 1095 3473 (1.
1110 3404 1162 3466 ΙΙΙ,
1183 3421 1206 3452 c.
1216 3405 1253 3453 58
1263 3407 1325 3472 sq).

345 3504 423 3556 multa
445 3481 571 3569 sabulosa,
590 3502 623 3556 de
639 3501 810 3572 geographicis
822 3501 984 3570 praesertim,
1003 3517 1017 3550 a
1037 3494 1161 3550 veteribus
1177 3511 1228 3544 esse
1249 3512 1314 3546 nar-

345 3606 414 3662 rats,
443 3615 485 3648 eos
503 3606 586 3648 tamen
612 3596 661 3647 hoc
682 3596 783 3646 nomine
807 3595 943 3665 culpandos
967 3594 1070 3646 minime
1093 3596 1192 3652 censet,
1221 3589 1317 3659 quippo

346 3689 388 3756 qui
405 3689 523 3756 pleraque
537 3687 626 3738 rectius
643 3685 829 3755 accuratiusque
843 3686 956 3756 scripturi
973 3685 1089 3749 fuissent,
1103 3682 1123 3734 si
1139 3680 1244 3750 iisdem,
1258 3686 1317 3754 qui·

346 3779 392 3830 bus
414 3781 575 3848 posteriores,
603 3781 826 3850 opportunitatibus
851 3783 900 3832 imi
920 3781 1063 3850 potuissent.
1099 3779 1219 3831 itinerum
1246 3781 1314 3832 onim

347 3869 558 3940 suscipiendorum
594 3871 714 3922 rationem
751 3874 858 3942 antiquis
890 3872 1043 3943 temporibus
1071 3874 1145 3928 fuisse
1171 3877 1317 3927 molestissi-

348 3983 415 4018 mam
433 3983 462 4016 as
480 3965 590 4033 plurimis
608 3963 798 4020 difficultatibus
814 3966 963 4032 obnoxiam,
983 3968 1124 4033 linguarum
1134 3972 1209 4024 ctiam
1227 3971 1314 4023 direr-
