2867 5017
774 365 834 427 136

313 568 494 651 scriptores.
540 559 732 644 Exemplum
761 555 917 641 praebeat
937 553 1112 640 disciplina
1133 557 1304 646 militaris,

314 674 409 738 cuins
427 666 519 734 baud
537 666 607 732 seio
636 685 680 728 an
709 683 778 728 non
808 661 901 726 multi
934 660 1079 726 historici
1105 665 1295 750 peritissimi

315 780 378 845 sint
399 773 598 859 aestimandi.
643 771 746 857 Atqui
765 781 891 846 tamen,
916 768 1084 854 quomodo
1105 769 1301 838 dadacum

315 883 624 970 praefectorumque
641 888 698 941 aut
712 876 890 962 prudentia
910 884 967 938 aut
985 875 1208 942 temeritatem
1219 881 1299 944 acie

316 989 522 1065 ordinanda,
546 988 582 1052 in
601 985 721 1073 pugnis
749 982 1007 1060 committendis,
1031 983 1067 1047 in
1088 984 1178 1062 aliis,
1202 1007 1298 1072 quac

315 1097 383 1161 buc
405 1096 584 1182 pertinent,
608 1091 885 1166 administrandis,
910 1111 983 1156 vere
1009 1111 1167 1177 umquam
1185 1103 1301 1178 potest

315 1203 473 1279 iudicari,
506 1202 567 1265 nisi
588 1201 662 1286 quis
690 1200 808 1264 horum
828 1199 974 1264 omnium
996 1206 1150 1262 accurata
1171 1199 1297 1265 bistru-

318 1321 390 1376 otns
413 1311 454 1373 sit
473 1308 614 1374 notitia?
647 1306 755 1370 Satius
776 1309 889 1392 itaque
917 1304 1018 1369 credo
1038 1305 1124 1381 lore,
1148 1307 1174 1369 si
1193 1307 1296 1372 robus

316 1417 394 1504 ipsis
410 1414 500 1480 nude
517 1436 558 1479 ae
578 1416 784 1503 simpliciter,
808 1417 853 1478 ita
872 1426 908 1479 ut
923 1413 1133 1490 acciderunt,
1158 1435 1294 1480 enarra-

315 1526 376 1602 tis,
400 1523 537 1587 altermn
558 1524 717 1588 laudandi
736 1531 793 1586 aut
808 1522 1066 1610 reprehendendi
1086 1524 1293 1607 provinciam

318 1632 382 1696 suis
413 1632 553 1716 scriptor
591 1629 768 1694 lectoribus
805 1631 988 1715 relinquat,
1035 1639 1133 1715 prout
1161 1631 1197 1694 in
1228 1651 1292 1695 suo

316 1737 457 1823 quisque
477 1756 594 1822 genere
619 1756 732 1798 aarum
753 1757 861 1799 rerum
890 1757 984 1798 usum
1007 1735 1300 1801 exercitationem·-

314 1864 381 1930 que
400 1841 552 1906 habeant.
582 1843 697 1929 Neque
715 1845 802 1908 enirn
822 1845 867 1908 ita
887 1855 943 1908 aut
961 1844 1128 1908 inscientia
1148 1842 1298 1921 labetur,-

316 1960 374 2014 aut
392 1950 492 2014 rumio
510 1951 627 2015 ardore
649 1953 810 2016 incensus
820 1953 986 2018 veritatem
1003 1950 1147 2015 violabit.

356 2059 422 2124 Sed
453 2058 517 2121 alia
549 2079 685 2143 quoquc
716 2079 768 2122 res
792 2068 858 2134 est,
894 2077 980 2146 quae
1011 2058 1131 2122 hocin
1156 2057 1295 2122 historia·

314 2167 483 2232 iudicandi
513 2167 696 2232 institutum
728 2170 867 2255 graviter
904 2168 1122 2231 condemnare
1148 2166 1296 2230 sidetem·

315 2273 351 2336 si
370 2273 542 2358 quisenim
564 2274 704 2359 scriptor
721 2274 945 2360 frequentibus
965 2273 1144 2336 istiusmodi
1165 2272 1287 2359 digres-

314 2380 457 2444 sionibus
479 2381 681 2467 propositam
698 2383 915 2446 narrationem
937 2382 1128 2466 distinguat,
1162 2389 1193 2440 et
1222 2378 1288 2442 alio
1378 2425 1382 2432 .

314 2486 451 2552 subinde
475 2488 615 2574 legentes
638 2488 792 2565 divertat,
829 2491 903 2574 quis
925 2509 992 2552 non
1013 2488 1098 2553 videt
1125 2488 1212 2550 hunc
1232 2507 1286 2549 re-

314 2618 387 2659 rum
410 2606 572 2680 gestarum
595 2607 763 2681 tamquam
781 2595 875 2658 filum
898 2616 937 2658 eo
962 2597 1062 2659 modo
1083 2595 1174 2660 ninus
1190 2613 1288 2678 saepe

315 2701 528 2786 abrumpere,
565 2713 664 2789 atque
683 2705 728 2767 ita
747 2725 813 2766 non
831 2704 934 2766 solum
955 2705 1040 2789 ipsas
1062 2724 1112 2765 res
1129 2700 1284 2764 obscura-

313 2831 371 2889 re,
402 2810 460 2873 sed
475 2812 653 2889 ‚fastidium
683 2814 781 2876 etiarn
813 2831 927 2898 parcre
954 2809 1155 2874 lectoribus?
1189 2805 1286 2888 Quod

315 2929 513 3005 utrumque,
537 2929 573 2982 ut
595 2921 766 2983 molestum
791 2930 835 2982 cst
857 2929 888 2980 et
912 2939 1006 3004 aegre
1030 2917 1216 2991 serendum,
1241 2915 1286 2976 ita

312 3025 406 3089 vitari
437 3045 504 3088 non
524 3026 655 3111 poterit.
702 3026 826 3106 Quodsi
849 3027 934 3086 enirn
957 3026 1116 3085 lectorum
1136 3023 1280 3096 animus,

315 3130 460 3195 emedio
482 3153 590 3196 rerum
612 3153 709 3194 cursu
731 3131 836 3192 subito
857 3129 1017 3202 divulsus,
1045 3129 1087 3188 ad
1106 3147 1287 3212 earumque

313 3238 513 3303 honestatem
530 3245 587 3298 aut
601 3235 793 3320 pravitatem
811 3231 1004 3294 censendam
1026 3232 1198 3320 abreptus,
1223 3255 1284 3298 no·

312 3365 354 3410 vo
376 3355 566 3434 argumento
588 3344 740 3408 attentius
760 3340 945 3415 inhaereat,
971 3343 1154 3428 periculum
1178 3353 1290 3408 estne

311 3450 396 3534 ipsas
415 3453 587 3537 paullatim
607 3470 673 3524 res,
697 3449 723 3510 si
744 3468 811 3510 non
828 3447 947 3531 plane,
974 3458 1006 3510 at
1028 3453 1147 3535 partim
1165 3461 1282 3524 lamen,

311 3559 465 3620 memoria
498 3556 649 3619 dimittat.
695 3551 809 3628 Unde,
845 3557 1037 3619 narrationis
1068 3559 1146 3620 serie
1174 3556 1283 3618 denuo

311 3661 506 3734 instaurata,
538 3658 643 3722 minus
663 3678 736 3722 earn
755 3659 849 3742 plene
876 3671 907 3723 et
931 3672 1084 3725 accurate
1105 3662 1278 3749 intelliget,

310 3766 375 3826 iam
396 3765 564 3829 imminuta
595 3765 856 3830 antecedentium
876 3769 1070 3853 cognitione.
1115 3771 1189 3851 Quo
1221 3790 1292 3832 au·-

308 3881 374 3934 lem
404 3872 564 3958 longiores
590 3876 651 3938 sint
683 3875 731 3937 illi
760 3871 847 3951 λόγοι
869 3873 1106 3955 ἀποδεικτικοί,
1144 3900 1182 3942 eo
1207 3878 1282 3964 plus

307 3989 466 4063 perpetua
498 4003 606 4048 rerum
637 3983 769 4048 seientia
797 3985 904 4066 capiet
929 3985 1120 4052 detrimenti.
1167 3989 1280 4070 Neque
