2867 5017
790 341 851 404 104

341 540 441 604 tentia
473 534 710 622 Xenophontas
743 533 905 621 effingere.
961 533 1076 613 Carta,
1111 545 1315 634 quicumque

339 651 440 714 homo
464 646 609 712 militaris
638 654 761 710 attente
788 644 995 732 studioseque
1023 645 1083 710 hos
1107 647 1204 714 libros
1224 651 1313 740 lege·

338 758 398 832 rit,
429 756 457 819 is
480 774 548 820 non
568 754 690 842 poterit
710 771 779 818 non
801 753 843 818 ad
864 755 1030 819 scientiam
1050 755 1201 824 bellicam
1220 781 1314 848 egre·

340 867 393 952 gie
414 864 597 952 profecisse.
640 862 739 944 Quod
767 863 792 926 si
817 861 859 925 de
879 861 1051 949 disciplina
1071 864 1219 944 militari,
1248 888 1314 936 non

337 972 445 1035 minus
468 970 512 1035 de
537 971 704 1035 communi
734 989 862 1034 morum
885 966 1053 1051 διορθώσει
1073 971 1183 1037 valere
1202 973 1314 1040 dicen·

337 1077 418 1141 dum
438 1086 497 1141 est.
531 1077 702 1142 Praeclare
723 1078 810 1140 enim
831 1074 874 1140 de
894 1076 1120 1163 Xenophontis
1139 1081 1314 1168 scriptione

336 1185 449 1250 statuit
468 1186 562 1249 Ilion.
583 1185 675 1262 ilai,
701 1183 759 1248 uhi
778 1185 839 1247 ait:
863 1177 943 1263 ἦθος
965 1182 1184 1251 ἐπιδείκνυται
1204 1195 1315 1255 θεοσε-

337 1293 412 1377 βὲς,
436 1294 491 1354 sal
509 1289 657 1371 δίκαιον,
681 1293 737 1353 sal
759 1290 960 1373 καρτερικὸν,
984 1293 1039 1353 eal
1058 1290 1206 1374 εὐπετὲς,
1227 1299 1313 1360 ἁπά-

339 1419 411 1471 σαις
431 1422 465 1462 τε
483 1395 664 1482 συλλήβδην
686 1397 918 1478 κεκοσμημένον
937 1397 1064 1481 ἀρεταῖς
1084 1398 1312 1487 (1).ltthsee

339 1515 388 1570 est
407 1525 484 1572 vera
504 1506 626 1593 ingenii
646 1504 874 1591 Xenophontei
896 1506 1014 1594 imago.
1038 1507 1100 1572 llic
1118 1511 1223 1590 enim,
1246 1499 1312 1578 cxi·

341 1615 413 1678 miis
441 1615 511 1698 ipsc
541 1613 713 1680 virtutibus
743 1615 936 1691 instructus,
968 1615 1098 1681 easdam
1117 1617 1208 1685 libris
1227 1642 1313 1708 quo·

338 1741 409 1808 que
438 1721 503 1783 suis
531 1722 591 1784 ila'
608 1721 801 1806 impertivit,
838 1731 892 1799 ut,
927 1724 985 1786 etsi
1013 1724 1083 1812 ipse
1110 1747 1129 1790 a
1158 1730 1313 1814 primario

338 1826 494 1891 uenandi
516 1826 663 1890 instituto
682 1845 864 1910 numquam
884 1826 1043 1907 deflectit,
1069 1832 1112 1897 ad
1132 1854 1244 1902 omnes
1263 1847 1313 1902 ta.

329 1921 415 2000 'men
441 1935 527 1998 vitae
547 1942 676 2020 partes,
703 1932 859 2019 singulari
879 1934 1026 2019 quadam
1050 1949 1136 2018 arte,
1166 1943 1312 2010 instituat

339 2045 496 2108 lectorem
515 2042 759 2130 sapientiaeque
779 2042 876 2128 copia
896 2043 1033 2109 imbuat.

381 2152 455 2214 illia
484 2149 731 2236 quodammodo
759 2159 805 2213 est
834 2153 917 2216 ratio
946 2155 980 2217 in
1007 2154 1111 2233 libro,
1143 2181 1245 2246 quem
1272 2161 1312 2226 de

340 2263 490 2350 Agesilao
517 2261 707 2348 conscripsit
728 2259 922 2348 Xenophon.
966 2263 1201 2330 Laudationem
1229 2271 1314 2333 cuim

338 2375 460 2461 magis,
499 2391 600 2459 quam
631 2372 752 2447 vitam,
789 2391 876 2456 quac
908 2371 951 2436 ad
983 2373 1134 2437 historiae
1163 2396 1340 2442 nolanam¹
1412 2409 1413 2451 ι

338 2483 520 2567 composita
548 2490 645 2556 emet,
679 2479 845 2543 conficere
874 2481 908 2544 in
938 2481 1045 2545 animo
1072 2479 1214 2547 hahebat
1249 2484 1314 2572 (2).

337 2588 455 2672 ltaque
476 2587 532 2650 hic
554 2586 696 2649 auctoris
717 2583 891 2662 iudicium,
912 2607 1041 2672 sparsae
1057 2585 1312 2669 observationes,

335 2693 522 2780 exemplum
547 2692 690 2779 denique
723 2693 937 2779 propositiun.
979 2693 1045 2758 Sed
1069 2697 1227 2781 quoniam
1261 2699 1313 2763 hi·

337 2802 457 2865 storiae
475 2799 606 2865 nominc
625 2800 732 2862 minus
752 2807 840 2861 recte
862 2797 956 2862 hicce
977 2797 1104 2864 libellus
1123 2803 1310 2890 insignitur,

339 2931 407 2974 non
435 2911 537 2998 magis
565 2907 619 2972 hic
648 2909 682 2972 in
715 2927 848 2970 censum
876 2908 983 2972 veniat
1012 2929 1114 2993 quam
1143 2910 1310 2999 Gyiopac-

335 3017 411 3091 dia,
444 3018 478 3080 in
506 3037 595 3101 qua,
628 3024 664 3077 ut
689 3014 895 3098 intelligitur,
927 3014 1067 3099 plurima
1090 3017 1186 3082 ctiam
1206 3021 1313 3086 omnis

339 3121 464 3204 generis
484 3126 662 3204 praccepta
682 3117 899 3200 reperiuntur.

326 3289 532 3314 *¹¹¹⁵-

365 3403 410 3474 (1)
438 3402 531 3475 Epis.
550 3400 589 3455 sd
605 3401 698 3473 Pomp.
717 3402 782 3473 Opp.
799 3402 854 3456 Vol.
874 3405 923 3472 vl,
941 3425 967 3477 p.
984 3407 1046 3462 ⁷78.

366 3499 410 3569 (2)
438 3499 633 3569 llaucnhgesilai
653 3498 822 3573 laudationem
842 3502 905 3554 tanti
932 3504 1041 3556 iaciebat
1059 3506 1161 3575 Cicero,
1190 3518 1218 3560 ut
1235 3502 1306 3564 nia-

340 3592 418 3645 ncile
446 3607 533 3643 omnes
559 3592 671 3644 omnium
694 3593 815 3662 imagines
833 3602 974 3666 statuasque
997 3605 1146 3668 asperasse”
1174 3597 1305 3657 iudicaret.

339 3687 378 3739 aa
404 3683 448 3737 se
471 3682 615 3750 samios,
643 3685 660 3736 t.
680 3670 721 3751 v3
745 3685 790 3756 sp.
810 3687 865 3754 ιι,
884 3688 899 3756 s
917 3689 943 3740 s.
979 3687 1121 3742 noandum
1138 3697 1223 3744 nmen
1248 3703 1305 3762 ee,

339 3778 415 3832 tuse
442 3777 508 3828 visus
530 3775 635 3842 doctos,
662 3778 706 3847 qui
739 3777 807 3831 hunc
834 3796 933 3851 quoque
959 3779 1069 3836 libellum
1096 3801 1112 3836 a
1138 3784 1306 3856 Xenophonte

339 3872 460 3945 scriptum
478 3877 619 3939 negarent,
635 3865 701 3922 iuter
723 3889 786 3942 quos
812 3891 935 3930 nummum
955 3877 1144 3934 Valckenarium
1163 3877 1197 3934 ad
1210 3879 1302 3936 Hercu
1335 3875 1338 3882 ⁴

339 3967 357 4018 t.
377 3966 431 4040 ιιι,
451 3981 473 4020 0.
488 3962 542 4017 sat
558 3971 584 4014 et
603 3962 619 4015 t.
639 3963 731 4033 1x‚0.
750 3966 795 4018 ιι.
