2867 5017
799 376 859 441 tao

338 572 453 659 licque
469 572 568 637 unm
588 570 691 635 eredo
715 570 821 635 ullum
841 572 909 635 tere
931 590 1016 649 este,
1041 572 1124 659 quin
1144 574 1314 647 historiam

331 682 447 769 legem
469 678 628 745 mmodi
647 676 925 764 disputationibus
946 688 994 742 tot
1016 678 1098 745 loeis
1118 680 1316 767 distinctam,

335 787 472 853 molesto
495 786 642 873 qttodam
666 802 763 851 amru
782 784 956 851 afficiatur.

380 894 447 993 Sed
468 894 560 957 aliud
587 902 755 979 praeterea
785 910 917 957 cernere
944 891 1024 957 mibi
1055 895 1190 977 videor,
1224 905 1319 987 qrrod

333 1002 488 1067 «tantur
507 1002 595 1065 banc
615 999 735 1065 refutet
757 1018 928 1063 cunarum
951 998 1211 1085 explicationem.
1257 1010 1313 1075 ln

338 1130 417 1197 gans
437 1110 523 1173 cuim
553 1108 740 1194 periculam
766 1108 844 1184 erit,
879 1126 962 1171 nea
989 1108 1170 1175 meditandi
1202 1113 1314 1180 labore

339 1217 512 1304 paullatim
530 1216 695 1281 remittant
717 1237 758 1280 ac
779 1217 925 1281 relaxent
950 1217 1101 1295 lectores,
1126 1218 1183 1283 ubi
1203 1224 1313 1287 omnia

335 1325 468 1411 copiane
486 1323 556 1409 ipse
572 1323 713 1409 scriptor
729 1332 882 1409 exponat,
906 1340 1069 1408 suumque
1083 1337 1313 1411 nummatum

332 1432 485 1497 tunditur
511 1431 691 1496 exbaurim.
738 1429 894 1497 Concedo
924 1430 1058 1517 quidem
1083 1432 1182 1511 illud,
1218 1438 1312 1521 quod

331 1537 437 1604 modo
457 1537 573 1613 retuli,
598 1558 619 1600 a
638 1546 738 1601 cauto
764 1536 886 1604 tauma
906 1537 1082 1623 postulari,
1109 1550 1146 1605 ut
1165 1544 1311 1630 singulo·

332 1662 411 1709 rum
435 1644 632 1728 scriptorum
652 1642 880 1707 auctoritatem
897 1654 1053 1709 accurata
1066 1648 1166 1711 veluti
1187 1652 1310 1715 trutina

334 1748 517 1837 ponderet,
548 1758 581 1809 et
601 1747 685 1831 quld
705 1768 818 1813 rerum
838 1751 877 1815 sit
897 1762 953 1815 aut
975 1753 1110 1830 salsum,
1141 1753 1210 1841 ipse
1231 1776 1310 1819 exa-

335 1860 456 1934 minet,
486 1875 551 1921 nec
571 1855 655 1918 iuret
674 1856 710 1919 in
736 1853 834 1919 verba
859 1859 1018 1937 auctoris3
1042 1858 1099 1925 sed
1117 1868 1173 1923 aut
1194 1859 1307 1938 fallor,

337 1976 395 2029 aut
419 1964 547 2029 curiosa
572 1960 656 2025 baec
683 1961 828 2026 historici
855 1964 1029 2041 sedulitas,
1065 1986 1151 2051 quae
1174 1978 1211 2031 ut
1237 1988 1308 2031 om-

331 2074 392 2137 -nia
416 2072 488 2156 ipsa
505 2070 687 2155 percurrit,
723 2070 769 2133 ita
790 2070 871 2136 nihil
900 2073 968 2138 lere
988 2075 1163 2160 legentium
1185 2076 1308 2162 cogita-

338 2178 418 2243 tioni
452 2176 626 2260 relinquit,
660 2175 764 2252 baec,
804 2178 957 2262 inquam,
992 2200 1066 2245 mox
1100 2181 1239 2259 efficiet,
1274 2194 1309 2247 ut

338 2286 454 2351 senum
473 2282 601 2347 ineius
628 2281 735 2347 verbis
767 2288 1015 2371 acquiescatur,
1051 2310 1150 2375 quern
1173 2290 1311 2384 diligeri-

336 2394 488 2459 tiaainnm
515 2393 550 2456 in
566 2391 699 2478 singulis
717 2411 853 2478 operam
875 2397 1016 2480 posuiae
1041 2409 1210 2483 appareat.
1246 2400 1311 2463 Ne-

336 2522 404 2589 que
425 2512 534 2565 tamen
564 2500 633 2565 hoo
664 2500 845 2564 vellentne
875 2502 1023 2563 acerrimi
1051 2502 1185 2586 quidem
1216 2504 1314 2569 huius

339 2611 462 2699 generis
490 2608 683 2673 delemus.
729 2605 770 2669 Ut
796 2606 882 2671 arim
912 2609 1120 2675 coniecturae
1151 2599 1309 2686 abemus,

339 2738 441 2802 quam
459 2716 600 2802 scriptor
620 2713 874 2800 excogitaverit,
902 2719 1091 2801 perversitas
1114 2717 1192 2803 ipsis
1217 2715 1313 2781 rebus

338 2827 420 2890 nihil
433 2824 617 2889 detrimenti
633 2822 763 2901 afferat,
779 2834 888 2887 tamen
899 2842 1047 2910 perverse
1061 2826 1104 2891 de
1116 2826 1154 2891 iit
1167 2824 1314 2890 iudicare

333 2936 477 2997 lectores
497 2930 688 3005 assuefient,
722 2930 783 2993 nisi
808 2930 843 2993 in
864 2930 1003 3016 legendo
1031 2940 1189 2998 uanmam
1217 2930 1311 2995 adbi-

338 3041 438 3104 beant
461 3038 666 3107 cautionem,
691 3034 785 3118 quod
806 3055 848 3099 ue
871 3037 1090 3115 committant,
1114 3058 1313 3123 magnopere

338 3142 604 3229 prospiciendum
630 3160 697 3202 esse
723 3158 819 3201 nemo
840 3156 908 3201 non
929 3137 1038 3203 videt.
1083 3142 1140 3205 Sin
1162 3162 1240 3206 sero
1261 3143 1313 3205 bi·

338 3248 475 3315 storicus
492 3246 730 3344 cuiuscumque
747 3242 793 3305 rei
814 3256 945 3320 causas,
969 3245 1116 3333 religiosa
1138 3268 1216 3313 oum
1233 3270 1313 3317 eura

339 3348 534 3443 indagatas,
561 3352 623 3440 ipsi
640 3352 819 3421 narrationi
839 3370 900 3415 suo
916 3350 992 3417 loeo
1018 3364 1119 3442 atque
1139 3358 1253 3421 ordine
1267 3359 1314 3421 ita

338 3471 482 3542 intexat,
516 3473 554 3529 ut
574 3472 606 3527 et
632 3461 796 3549 principia
828 3476 938 3525 rerum
960 3470 992 3525 et
1014 3464 1117 3529 exitus
1137 3473 1253 3551 sponte
1278 3465 1313 3527 iu

332 3576 455 3641 acutos
470 3573 653 3649 incurrant;
676 3570 769 3655 sique
786 3568 824 3631 iis
841 3576 967 3631 tantum
985 3569 1080 3647 loeis,
1109 3570 1182 3646 ubi,
1208 3587 1312 3653 quum

340 3680 587 3766 eerta'roperiri
605 3698 672 3743 non
694 3686 842 3765 possent,
869 3678 1063 3743 coniecturis
1084 3678 1131 3741 uti
1150 3675 1310 3753 debuerit,

343 3790 448 3854 obiter
469 3787 623 3851 lectorem
647 3796 795 3861 moneat,
828 3805 869 3848 ne
891 3785 1044 3849 latentem
1066 3786 1148 3849 forte
1173 3804 1313 3847 errorem

344 3908 463 3961 temere
490 3892 646 3969 imbibat,
682 3903 784 3981 tune,
822 3892 943 3967 credo,
977 3892 1137 3976 optimam
1159 3901 1314 3977 sequatur

343 4002 503 4067 scribendi
522 4003 689 4065 rationem.
736 3997 850 4085 Neque
872 4001 957 4062 enim
974 4019 1081 4063 rerum
1102 4021 1233 4065 curetum
1252 4001 1310 4062 im·
