2867 5017
799 364 840 426 l2

378 559 513 646 Egregie
542 559 618 620 olim
640 558 767 622 dictum
788 568 852 633 est,
886 555 1078 618 ›historiam
1099 576 1167 619 esse
1189 562 1316 644 practi-

338 689 429 732 scam
440 665 618 752 quamdam
628 663 892 752 philosophiam”
908 662 970 749 (l).
995 663 1046 728 lta
1056 663 1142 726 enim
1157 674 1191 726 et
1208 669 1314 730 maxi-

333 793 460 838 marum
481 792 588 834 rerum
604 772 789 859 cognitione
800 771 966 858 ingenium
977 770 1051 846 alit,
1065 780 1097 834 et
1107 771 1222 834 iudicii
1233 771 1312 836 sub-

336 881 483 943 tilitatem
503 881 609 957 acuit,
634 891 666 944 et
689 889 941 966 praeceptorum
961 877 1110 942 ubertate
1131 889 1233 964 atque
1254 902 1312 944 ex·

337 988 486 1052 cellentia
512 1008 546 1050 se
568 987 791 1065 commendam
814 989 861 1051 ita
881 1007 969 1072 quae
985 988 1020 1050 in
1039 987 1313 1074 pbilosophormn

335 1097 457 1160 scholis¹
469 1093 655 1169 traduntur,
682 1093 828 1158 advitae
845 1113 939 1156 sisinn
958 1101 990 1156 et
1008 1111 1214 1158 communem
1238 1116 1311 1159 om·

334 1206 425 1266 nium
443 1201 614 1264 utilitatem
635 1199 792 1276 traducit,
810 1209 846 1262 ut
862 1201 976 1287 etipsa
986 1199 1194 1285 philosophia
1205 1223 1310 1286 quae·

330 1312 431 1386 dam,
460 1328 546 1393 quae
570 1307 604 1370 in
630 1306 727 1370 rebus
748 1307 881 1393 agendis
902 1318 1063 1383 versetur,
1089 1307 1155 1370 dici
1178 1307 1309 1372 baberi·

334 1439 400 1506 que
428 1423 598 1480 mereatur.
642 1414 680 1476 Et
711 1412 779 1476 hoc
801 1423 870 1476 erat
896 1413 998 1490 illud,
1033 1414 1127 1498 qaod
1155 1415 1311 1502 Polybius

333 1535 402 1591 toto
432 1523 539 1586 animo
562 1519 705 1585 habebat
730 1520 882 1598 infixum,
914 1522 979 1585 hoc
1000 1522 1094 1607 quod
1118 1524 1309 1608 primarium

332 1632 485 1696 historiae
506 1631 648 1715 pretirrm
669 1628 898 1693 arbitrabatur.
933 1631 1051 1714 Neque
1074 1631 1220 1695 sufficere
1241 1655 1308 1718 pss-

333 1741 442 1816 tabat,
475 1748 511 1803 ut
539 1758 578 1804 ex
606 1737 697 1800 nuda
725 1757 833 1800 rernm
864 1747 1026 1822 gestarum
1054 1739 1237 1803 narratione
1262 1741 1308 1804 ad

333 1869 405 1911 eam
423 1843 571 1908 discendi¹
589 1852 716 1928 partem
734 1863 792 1905 suo
811 1843 911 1905 Marte
929 1844 1133 1928 pervenirent
1153 1846 1304 1925 lectores,

332 1951 389 2018 sed
414 1953 556 2016 historici
578 1973 643 2016 esse
665 1951 839 2028 credebat,
872 1962 909 2016 ut
937 1953 976 2016 iis
996 1953 1031 2015 in
1051 1974 1109 2018 sua
1131 1956 1307 2040 scriptione

333 2071 455 2126 certam
480 2061 565 2124 viam
589 2060 754 2136 muniret„
785 2081 853 2144 qua
879 2061 940 2124 tuti
965 2070 997 2122 et
1023 2061 1090 2123 sine
1110 2062 1306 2129 deflectendi

330 2168 478 2256 periculo
499 2188 538 2230 eo
560 2167 682 2232 adduci
703 2177 845 2252 possent.
877 2169 948 2232 Hoc
969 2169 1069 2255 igitur
1088 2169 1214 2257 ubique
1230 2195 1304 2260 spe»

330 2279 447 2353 eterit,
480 2285 516 2340 ut
541 2297 618 2340 cum
645 2276 800 2340 narrandi
829 2276 975 2340 instituto
1006 2277 1217 2364 coniungeret
1243 2281 1304 2343 do-

329 2385 425 2451 cendi
443 2385 659 2471 provinciam,
692 2404 799 2468 eoque
819 2384 920 2447 modo
938 2404 973 2446 re
994 2405 1070 2448 vera
1088 2384 1231 2449 efficeret
1250 2387 1302 2449 hi-

328 2496 459 2560 storiam
482 2495 567 2559 vitae
587 2492 792 2578 magistram,
828 2493 1037 2556 »futurorum
1070 2514 1111 2556 cx
1141 2496 1298 2579 praeteri-

333 2601 398 2664 stis
428 2599 710 2686 prudentissimam
742 2599 998 2664 conieotricem''
1024 2599 1086 2687 (2).
1125 2601 1306 2666 Audiamus

323 2739 522 2758 m

360 2787 402 2856 (1)
430 2787 462 2838 lt.
481 2783 638 2838 Casaubonus
656 2784 682 2835 in
702 2782 771 2837 laud.
789 2783 903 2837 Dedicat.
920 2805 944 2856 p.
961 2788 1027 2839 xvt.
1055 2787 1174 2838 Similiter
1189 2788 1299 2840 al'ossio

333 2880 426 2932 dicitur
443 2897 458 2928 u
468 2865 624 2949 philosophia
639 2878 758 2948 exemplis
769 2887 908 2930 constans.”
928 2880 964 2932 Cl'.
979 2879 1032 2932 Ara
1050 2879 1199 2947 historico,
1218 2899 1243 2950 p.
1254 2883 1298 2933 89.

359 2975 402 3044 (2)
429 2972 513 3025 Verba
527 2971 717 3041 Wytlenbachii
733 2972 759 3021 iu
776 2972 854 3022 Praei.
875 2971 909 3022 ad
926 2971 981 3023 Set.
1000 2973 1097 3026 princ.
1117 2975 1188 3028 Hirr.
1210 2975 1255 3027 Gr.
1272 2993 1298 3044 p.

334 3068 426 3120 xvl11.
445 3063 517 3115 Libet
532 3073 616 3115 autem
632 3063 675 3114 lric
691 3079 817 3132 apponere
833 3062 909 3113 rerba
926 3064 1079 3132 Casarsboni,
1107 3069 1123 3119 l.
1139 3068 1155 3119 l.
1165 3085 1189 3137 p.
1199 3068 1296 3119 XVlll:

333 3162 489 3212 »Personam
509 3155 618 3207 historici
645 3171 703 3206 cum
728 3155 830 3204 assumit
848 3153 982 3223 Polybius,
1010 3175 1060 3209 non
1080 3161 1106 3211 in
1127 3170 1208 3214 totum
1223 3161 1293 3213 exuit

334 3251 509 3326 »philosophi
545 3245 717 3317 Philosophus.
725 3246 795 3298 euim
813 3255 882 3313 erat,
900 3248 946 3302 sed
965 3251 1031 3317 sita,
1050 3270 1100 3305 non
1120 3254 1218 3323 lingua:
1236 3271 1296 3323 ope·

333 3347 443 3414 subus,
470 3363 520 3399 nen
538 3341 710 3396 sermonibus:
740 3339 814 3392 rebus
835 3341 911 3412 ipsis,
938 3361 988 3397 non
1008 3346 1159 3415 professione
1177 3355 1203 3398 et
1225 3347 1294 3398 inani

333 3444 447 3516 aspecic.
484 3443 560 3494 Porro
579 3447 607 3490 ut
622 3445 711 3510 poetae
727 3435 859 3504 lingendo,
888 3436 996 3490 historici
1017 3439 1160 3502 cauendo,
1186 3439 1222 3488 sic
1237 3438 1295 3506 phi·-

332 3561 349 3592 u
359 3539 453 3610 losoplri
469 3533 597 3589 monendo
613 3541 638 3583 et
654 3529 831 3602 praecipiendo
847 3532 924 3582 vitam
945 3531 1074 3582 bominum
1093 3530 1218 3597 corrigere
1236 3549 1295 3600 pro·

332 3654 348 3684 »
357 3635 464 3703 positum
483 3629 585 3680 habent.
622 3629 679 3678 lurc
697 3626 773 3694 igitur
791 3643 836 3677 suo
858 3634 896 3678 cst
915 3644 984 3691 stura,
995 3643 1063 3718 'cum
1076 3623 1174 3676 divmsa
1189 3643 1294 3679 munera

329 3745 346 3777 >s
357 3727 382 3776 in
402 3740 478 3774 sinum
490 3722 656 3788 coniungens,
674 3737 725 3788 qua
744 3718 885 3785 uenando,
903 3736 952 3788 qua
966 3717 1092 3771 monendo
1100 3719 1173 3770 simul
1182 3718 1294 3772 humano

331 3819 440 3890 »generi
461 3816 576 3888 prodesse
592 3823 629 3866 est
645 3823 772 3868 construe
810 3811 858 3866 cll.
879 3815 955 3866 etiam
972 3833 1027 3884 sqq.
1055 3817 1114 3884 Quo
1135 3815 1190 3865 iurc
1209 3823 1293 3866 autem

332 3913 448 3984 Polybius
472 3911 518 3962 lias
545 3908 656 3960 historici
681 3916 706 3958 ct
732 3906 872 3977 philosophi
899 3915 980 3976 partes
1007 3909 1041 3959 ita
1060 3910 1234 3977 coniunxerit,
1267 3909 1293 3958 is

330 4010 407 4061 altera
427 4001 597 4077 disputationis
613 4010 713 4068 nostrae¹
731 4008 800 4068 parte
819 4001 865 4051 erit
885 3999 1064 4067 quaerendum.
