2867 5017
468 455 474 466 .
560 398 603 468 35

118 588 208 662 iam
240 594 319 670 truie
349 596 560 662 tundamento
597 599 828 686 superstruitur
866 599 1068 691 disquisitio,

107 721 167 788 quo
187 703 257 766 iure
277 701 401 767 bellum
419 707 618 792 susceperint
638 706 739 772 Poeni
764 707 827 796 (l).
857 709 908 776 Ae
928 712 1071 798 primum

103 809 229 895 quidem
266 811 312 876 sic
345 813 468 878 iudicat
497 814 669 901 Polybius,
698 817 866 882 Romanoa
892 819 1009 884 iniuste
1037 833 1070 887 et

106 928 208 984 eontra
232 919 366 984 foedera
386 921 526 1010 coegisse
547 921 762 1000 adversarios,
787 934 824 986 ut
845 924 993 990 Sardinia
1014 947 1070 992 ee·

103 1016 229 1102 derunt,
246 1032 440 1114 novumque
456 1029 532 1116 ipsis
553 1028 712 1093 tributum
731 1030 902 1094 solverent.
930 1029 1069 1097 Cartha·

102 1133 250 1220 ginienses
269 1136 384 1206 eontra
405 1135 569 1224 promissis
593 1157 660 1200 non
683 1142 846 1202 steterant.
888 1134 972 1202 Num
992 1159 1071 1206 eum

101 1243 208 1307 inee'
225 1242 376 1320 foedere,
410 1245 502 1330 qued
528 1247 570 1309 de
597 1242 707 1308 Sicilie
737 1254 950 1320 eonvenerat,
984 1247 1067 1310 seri·

100 1347 192 1433 ptum'
205 1360 306 1428 esset,
330 1348 571 1437 innexueritis
594 1351 780 1436 apportem
804 1357 976 1438 συμμάχοις
1004 1358 1066 1435 τὴν

100 1452 167 1535 παρ’
188 1453 346 1538 ἑκατέρων
368 1456 562 1538 ἀσφάλειαν,
587 1461 670 1523 haec
694 1458 795 1527 verba
810 1459 879 1522 aine
899 1459 1003 1524 dubio
1023 1461 1067 1527 ad

99 1557 162 1625 illos
189 1565 328 1648 quo'qne
355 1565 460 1627 socius
487 1563 655 1628 referenda
685 1573 794 1640 erant,
823 1585 908 1650 quos
937 1567 1068 1653 utrique

97 1680 163 1756 pust·
181 1671 288 1734 ictum
315 1671 444 1734 foedus·
457 1672 673 1737 adscivissent.
713 1671 811 1735 Nullo
833 1673 904 1736 iure
925 1672 989 1738 hoc
1008 1696 1067 1740 ne·

98 1791 248 1864 gaserant
276 1779 571 1866 Cantheginienses,
603 1787 635 1842 et
663 1779 748 1842 male
779 1788 930 1865 egerant,
965 1792 1065 1868 capta

96 1886 265 1973 deletaque
283 1887 440 1974 Sagunto.
464 1885 525 1949 Cui
541 1884 726 1950 accedebat
736 1883 868 1948 alterius
882 1886 980 1950 etiarn
995 1889 1065 1952 ioe-

22 2035 23 2056 ι
97 1995 171 2060 dec'is
189 1994 344 2069 violatio,
369 1992 410 2056 ab
427 1991 713 2065 Asdrubale-initi,
732 1989 825 2074 quod
843 1993 973 2058 vetabat
982 1996 1065 2060 Poe·

22 2143 23 2152 ι
95 2123 143 2167 nes
161 2103 304 2166 Iberum⁴
319 2101 455 2165 fluvium
474 2099 618 2163 beliandi
638 2117 737 2162 causa
755 2099 900 2162 transire.
923 2100 970 2164 Ex
988 2103 1064 2186 qni·

22 2227 23 2232 ¹
95 2210 147 2274 turs
167 2211 334 2304 seqnitur,
360 2205 477 2291 siquis
498 2205 635 2292 Sagunti
657 2204 821 2268 excidium
833 2204 912 2270 beili
932 2229 1065 2274 eausam

95 2317 190 2395 dieat,
226 2317 317 2384 huno
346 2314 554 2384 concludere
572 2322 724 2398 oportere
752 2313 876 2378 betium
900 2315 1018 2380 iniuste
1046 2339 1066 2381 a

93 2422 198 2492 lineriis
228 2422 325 2484 fuisse
346 2427 542 2506 susceptum.
584 2417 756 2504 Saguntini
775 2419 917 2500 enimin
937 2419 1061 2488 Roma·

94 2551 201 2596 norum
226 2529 328 2592 fidem
354 2548 386 2590 sc
414 2527 635 2601 tradiderant,
673 2534 709 2590 ut
736 2526 834 2590 certia
861 2525 1064 2595 documentis

92 2639 267 2703 constabat.
298 2638 356 2701 Sin
375 2657 465 2713 vero,
491 2635 585 2722 q'uod
605 2634 726 2698 rectius
744 2635 895 2703 statuitur
912 2656 976 2700 nec
995 2636 1060 2700 dn·

93 2746 179 2810 biteri
208 2755 338 2834 potest,
370 2745 416 2808 in'
433 2743 598 2818 Sardinia
614 2749 729 2807 eontra
755 2741 806 2806 ius
832 2753 999 2832 oeeupeta
1027 2754 1060 2808 et

93 2865 198 2926 exacta
221 2875 244 2916 a
271 2853 385 2916 Poenis
411 2851 553 2938 peemsiu
574 2848 651 2916 belli
673 2848 746 2912 fons
765 2848 973 2933 quaerendus
993 2857 1058 2924 est,

93 2959 335 3036 eoncedendum
360 2961 439 3034 erit,
472 2976 596 3038 summo
617 2956 687 3020 iure
708 2955 986 3043 Carthaginienses
1007 2976 1061 3018 ar·

22 3043 23 3086 ³
92 3087 138 3130 rna
158 3068 352 3133 decrevisse:
383 3068 482 3149 καιρῷ
510 3067 569 3148 γὰρ
593 3063 798 3143 πεισθέντες,
820 3066 978 3145 ἠμύνοντο
998 3065 1056 3129 eds

22 3251 23 3254 Ἴ
90 3178 183 3256 καιρῷ
204 3178 277 3247 τούς
298 3171 502 3260 (impostore.

22 3265 23 3316 i
125 3280 276 3345 Cernitur
302 3303 340 3346 ex
360 3283 423 3346 hac
446 3279 682 3367 disputatione,
707 3280 799 3364 quod
820 3301 920 3366 supra
939 3279 981 3342 de
1001 3267 1054 3344 re-

90 3409 154 3452 rum
175 3389 280 3452 causis
300 3389 471 3484 a'Pniyhio
493 3388 661 3472 explicatis
681 3386 884 3460 dicebamus,
906 3385 994 3451 idem
1011 3386 1053 3449 de

22 3497 23 3578 {
91 3493 155 3558 hne'
172 3495 341 3560 iudicandi
371 3495 517 3560 instituto
538 3493 655 3560 valere.
695 3493 768 3556 Non
788 3492 874 3556 enim
894 3492 999 3559 obiter
1019 3503 1052 3560 et

22 3583 23 3644 i
92 3609 250 3688 tamquam
276 3603 365 3666 aliud
394 3625 491 3690 agens
511 3603 700 3665 sententiam
722 3623 820 3691 suum*
835 3601 962 3680 adticis,
995 3601 1052 3666 sed

92 3727 151 3770 eam
180 3711 257 3774 data
289 3732 390 3795 opera
418 3710 569 3796 exponit,
603 3710 798 3794 argumentis
822 3710 856 3772 in
876 3719 1050 3793 utramque

90 3825 204 3896 partem
232 3819 407 3904 perpensis.
435 3817 525 3898 *Quo
547 3815 753 3899 factumest,
779 3826 814 3879 ut
835 3838 952 3902 saepe,
977 3835 1047 3883 cer-

87 3961 323 3994 ······-···-·-·-ϊι-··

112 4031 149 4098 (ι)
176 4035 202 4084 n.
218 4034 270 4097 ιιι7
291 4050 312 4085 0.
332 4033 444 4083 est-ss.
1032 4085 1035 4092 ,

916 4120 968 4184 3“.
