2867 5017
621 383 641 442 5

154 578 276 666 egregia
314 574 374 637 sibi
408 584 611 660 compararet
643 573 686 635 ad
718 574 924 638 scribendam
960 575 1122 641 historiam

154 686 343 750 adiumenta.
369 681 479 762 Quum
497 680 661 744 animiam
680 689 750 745 tuni
769 681 852 744 illud
870 683 1041 746 consilium
1050 706 1119 748 me·

151 793 326 865 ditaretur,
358 799 390 852 et
428 789 597 875 diligenter
635 808 867 873 quaecumque
905 788 972 854 buc
1011 790 1118 853 lacere

150 907 294 986 possent,
329 897 556 982 conquireret,
589 895 685 958 amici
717 896 766 958 sui
792 895 903 959 lavore
930 897 1120 962 lacarltatem

147 1009 285 1072 obtinuit
314 1003 506 1092 inspiciendi
532 1013 742 1067 monumenta
770 1003 923 1088 publica,
951 1004 1119 1067 foederum

142 1113 291 1186 tabulas,
320 1109 419 1174 libros
444 1110 627 1185 censuales,
655 1110 738 1186 alia,
766 1131 805 1172 ex
833 1109 953 1195 quibus
980 1110 1023 1174 ad
1050 1114 1117 1175 reri

145 1218 389 1304 intelligentiam
410 1225 441 1280 et
462 1217 570 1302 operis
592 1215 639 1278 su'i
659 1215 803 1278 fructum
823 1216 940 1278 mirum
957 1225 1118 1302 quantum

145 1327 284 1414 profecit
309 1325 371 1412 (l).
777 1330 780 1335 “

183 1435 260 1500 Post
284 1433 508 1519 septendecim
538 1449 697 1496 annornm
727 1433 871 1496 exsilium
907 1431 1039 1494 tandem
1066 1452 1116 1495 res

142 1563 180 1606 eo
208 1541 325 1615 cessit,
358 1549 394 1604 ut
414 1537 551 1622 Polybio
577 1537 759 1622 ceterisque
779 1539 921 1602 evocatis
940 1541 1064 1604 reditus
1082 1542 1117 1604 in

142 1651 284 1736 patriam
312 1646 557 1714 concederetur.
604 1645 654 1710 lta
682 1645 807 1710 lactum
838 1655 905 1723 est,
941 1657 977 1710 ut
1009 1649 1116 1712 rursus

140 1778 301 1826 summam
324 1754 417 1841 apud¹
434 1753 584 1818 Achaeos
603 1754 831 1819 auctoritatem
851 1756 1115 1833 nancisceretur,

140 1864 247 1949 iisque
269 1873 300 1928 et
328 1863 463 1927 consilio
488 1871 519 1924 et
546 1861 670 1924 auxssio
687 1871 817 1926 strenue
843 1863 971 1926 adesset
990 1864 1024 1928 in
1044 1866 1116 1952 ipsa

139 1970 269 2056 patria,
304 1970 398 2034 euius
429 1967 622 2042 commoda,
651 1967 732 2030 dum
752 1968 879 2032 Romae
898 1980 987 2047 erat,
1018 1993 1115 2036 num·

138 2101 246 2164 quam
262 2078 459 2163 neglexerat.
481 2072 546 2136 Sed
561 2092 629 2136 uon
644 2072 707 2138 diu
717 2073 819 2137 libera
834 2074 1020 2160 republica
1033 2099 1113 2164 gau·

138 2187 219 2250 dere
243 2185 273 2248 ei
294 2183 445 2270 contigit,
466 2203 570 2268 quum
589 2181 679 2246 brevi
694 2192 767 2268 post
783 2192 942 2247 terrarum
955 2184 1044 2249 orbis
1052 2186 1114 2252 do·

136 2293 237 2358 minis
265 2292 422 2356 Romanis
451 2291 554 2354 aliter
572 2290 753 2367 videretur,
785 2301 816 2353 et
838 2291 1046 2356 dchasouun
1069 2298 1116 2360 rei

138 2401 298 2488 publicae
320 2400 426 2463 fatalis
451 2399 507 2463 ille
534 2397 603 2462 dies
623 2399 791 2473 illuceret,
825 2400 885 2484 qui
906 2399 1045 2464 foederis
1062 2423 1118 2466 co·

135 2533 211 2574 rum
233 2508 365 2574 smerde
385 2507 544 2582 dissolvit,
568 2504 822 2590 Graeciamque,
846 2504 991 2574 Achaiae
1008 2514 1112 2576 nomi.

15 2689 16 2694 γ
135 2641 192 2697 ne,
223 2619 261 2682 in
282 2613 473 2702 provinciae
491 2613 661 2678 Romanae
679 2611 817 2676 sormam
833 2613 969 2700 redegit.
1002 2616 1112 2704 litque

135 2746 177 2789 eo
205 2735 353 2811 tempore
374 2721 415 2784 de
436 2718 562 2804 Polybii
584 2719 703 2780 meritis
723 2719 768 2781 ita
790 2720 881 2804 apud
902 2742 1115 2791 omnescon.

135 2832 271 2907 stabat,
304 2840 400 2893 ulex
428 2826 584 2890 sententia
615 2827 798 2912 legatorum
819 2827 1045 2894 Rornanorum
1064 2836 1116 2898 di.

133 2937 441 3025 guusiudicaretiu,
468 2935 526 3019 qui
545 2932 640 2996 urbes
658 2933 871 3020 Peloponnesi
891 2935 1006 3015 obiret,
1028 2961 1118 3007 novo.

134 3066 192 3109 cas
211 3047 439 3110 Romanorum
455 3041 591 3127 imperio
611 3041 826 3118 conciliaret,
842 3043 928 3129 leges
938 3047 1111 3130 scriberet,

133 3153 375 3218 controversias
403 3150 585 3224 dirimeret,
621 3147 779 3233 denique
796 3153 905 3216 omnia
931 3153 1114 3235 ordinarem

131 3283 207 3346 qua
227 3261 313 3326 iure
331 3260 381 3322 ita·
393 3279 427 3321 sc
445 3257 554 3342 gessit,
579 3264 615 3320 ut
636 3278 794 3320 summam
811 3260 956 3324 omnium
974 3261 1114 3328 benevo-

130 3368 275 3430 lentiam
302 3373 501 3450 reportaret,
535 3383 575 3424 ac
600 3364 778 3446 splendidis
798 3365 977 3430 honoribus
998 3390 1114 3433 cumu-

130 3475 265 3539 laretur
289 3469 351 3557 (2).
392 3469 433 3532 Ut
454 3468 539 3534 enirn
560 3477 672 3546 autea,
704 3490 806 3556 quam
827 3481 979 3561 potuerat
1000 3475 1113 3544 diutis-

125 3649 349 3666 *u*-

138 3763 188 3812 unt
206 3759 375 3818 Παναιτίος,
402 3764 439 3825 τῇ
455 3757 606 3816 Σκιπίωνος
624 3757 718 3824 εὐνοίᾳ
732 3761 799 3828 πρὸς
817 3761 919 3822 αὐτοὺς
935 3765 1042 3829 μεγάλα
1060 3768 1109 3825 τὰς

136 3846 287 3914 πατρίδας
304 3845 490 3910 ὠφελήσαντες
507 3846 547 3902 εἷς
565 3845 752 3906 εὐδαιμονίαν.

163 3935 212 4001 (1)
243 3931 376 4001 Polybius,
396 3917 527 4000 1.'111‚0.
547 3933 599 3997 aa,
618 3941 643 3983 ei
662 3934 694 3984 cs.
714 3953 736 3986 ο.
756 3938 800 3987 ss.

163 4027 213 4095 (2)
245 4025 336 4094 idem,
362 4025 650 4094 t.xn,c.10,q.t.
671 4026 705 4078 cs.
725 4027 872 4096 Pausanias,
892 4031 907 4082 Ι.
927 4033 1006 4099 vni,
1025 4053 1047 4086 c.
1066 4035 1112 4086 30.
