2867 5017
776 350 799 412 6

304 556 403 631 sime,
426 551 565 639 patriam
587 547 749 613 labentem
767 545 979 620 sustinuerat,
1001 545 1291 637 itanmselapsam

305 667 394 731 omui
415 683 495 729 cura
512 657 693 726 recreabat.
1201 683 1205 688 ⁷

350 773 530 858 Reliquum
558 769 644 833 vitae
672 764 813 852 spatium
843 763 997 848 Polybius
1021 758 1058 828 in
1079 767 1192 832 studiis
1211 770 1289 836 liae.

309 881 420 965 risque
448 876 615 962 transegit.
654 873 704 938 Ac
733 883 803 937 tum
830 871 964 957 quidem
991 872 1183 940 immensum
1205 879 1294 944 illud

310 986 516 1050 historiarum
540 1001 647 1068 opus,
674 981 742 1043 iam
764 978 823 1042 diu
847 987 1079 1064 praeparatum
1100 990 1133 1044 et
1153 981 1293 1048 innume

312 1096 378 1159 iam
398 1093 610 1167 irrebostum,
639 1099 769 1153 strenue
790 1086 968 1152 elaborarit
990 1107 1030 1152 ac
1051 1087 1190 1157 feliciter
1209 1113 1292 1178 per.

309 1202 399 1266 leeit.
438 1200 504 1263 Sed
534 1199 601 1266 veri
627 1196 873 1261 studiosissima
891 1197 927 1260 in
952 1216 1059 1284 eoque
1090 1199 1292 1285 inquirendo

312 1311 495 1397 religiosam
511 1328 624 1372 euram
640 1307 760 1370 iterum
775 1304 1002 1370 collocandam
1014 1305 1199 1385 arbitratus,
1212 1312 1296 1374 nul.

312 1419 336 1480 li
357 1416 461 1480 labori
478 1415 643 1502 pepercit,
665 1424 701 1478 ut
723 1413 875 1476 historiae
891 1432 968 1476 suae
981 1412 1087 1476 tontes
1101 1416 1290 1504 colligeret,

314 1533 346 1588 et
358 1535 417 1586 ‘res
436 1523 614 1586 narrandas
636 1521 806 1608 diligenter
822 1520 1039 1607 investigaret.
1071 1521 1148 1602 Quo
1163 1543 1296 1609 propo-

316 1631 377 1694 sito
403 1629 582 1716 longinqua
604 1632 718 1694 itinera
739 1629 899 1714 suscepit,
924 1639 980 1706 ut,
1004 1629 1151 1694 locorum
1169 1641 1293 1696 natura

314 1735 398 1802 bene
419 1748 607 1824 perspecta,
624 1737 764 1800 militum
780 1735 1012 1821 expeditiones,
1036 1749 1215 1802 castrorum
1224 1761 1292 1828 po·

316 1844 461 1920 sitiones,
487 1853 594 1908 cetera
612 1843 708 1907 buius
733 1842 858 1929 generis
878 1845 1063 1907 accuratius
1082 1844 1291 1912 describeret.

316 1951 461 2016 Africam
489 1951 578 2028 visit,
610 1951 799 2038 Hispaniam
821 1948 1005 2035 Galliasque
1026 1953 1192 2032 lustravit,
1220 1975 1297 2041 quo

317 2061 436 2124 rectius
465 2060 506 2123 de
534 2059 725 2124 Hannibalis
755 2060 869 2122 itinere
890 2069 978 2123 trans
997 2060 1097 2148 Alpes
1115 2072 1293 2144 statueret,

317 2167 387 2252 ipse
407 2166 545 2230 eandem
566 2171 652 2233 viam
674 2169 838 2246 coniecit3
867 2189 966 2253 porro
986 2170 1095 2233 Mam
1113 2173 1294 2254 minorem,

316 2277 503 2362 Aegyptum
527 2274 670 2360 denique
691 2275 792 2351 adiit,
822 2274 946 2361 ubique
966 2277 1106 2341 studiose
1124 2280 1294 2366 inquirens

317 2385 350 2448 in
378 2386 505 2460 omnia,
531 2404 617 2470 quae
647 2383 690 2446 ad
716 2383 886 2446 corrsilium
907 2403 1001 2447 suum
1025 2387 1186 2470 pertinere
1203 2390 1293 2454 iudi·

318 2503 408 2559 caret
431 2492 492 2578 (l).
522 2493 568 2554 Ex
590 2490 711 2574 quibus
731 2491 920 2554 excursibus
939 2513 1040 2577 quam
1061 2499 1203 2583 amplam
1224 2501 1292 2563 uti-

317 2601 397 2664 lium
417 2620 524 2663 rerum
543 2600 673 2684 cupiam
691 2599 856 2675 retulerit,
879 2599 978 2683 ipsius
999 2601 1073 2664 libri
1099 2604 1216 2671 diserte
1240 2618 1291 2670 te-

316 2717 452 2772 stantur.

319 2813 399 2878 -·In
430 2816 570 2901 patriam
595 2815 698 2878 redux
726 2816 825 2878 urri'co
845 2817 912 2878 fere
932 2817 1093 2882 scribendi
1111 2822 1222 2887 officio
1239 2826 1295 2889 iu·

317 2931 424 2988 tentus
434 2923 528 2985 luisse
540 2922 676 2988 videtur.
709 2921 784 3002 Quo
805 2921 1039 3002 bonestootio,
1064 2931 1293 2995 actalibomi·

319 3032 485 3116 sedigno,
511 3040 709 3093 senectutem
727 3028 899 3093 oblectans
915 3041 948 3093 et
966 3051 1137 3112 exornans,
1162 3039 1294 3102 tandem
1325 3085 1331 3094 .

327 3141 415 3202 circa
434 3137 565 3222 Olymp.
586 3136 716 3203 CLXIV
740 3136 837 3222 (inter
859 3138 898 3200 A.
912 3139 949 3202 U.
973 3139 1041 3207 652
1060 3155 1093 3207 et
1112 3142 1191 3229 638)
1217 3137 1289 3229 (2),

320 3269 360 3310 ex
382 3267 470 3330 equo
500 3246 626 3330 lapsus,
650 3241 802 3327 morbum
834 3248 1014 3326 contraxit,
1034 3251 1127 3315 cuius
1154 3251 1186 3316 vi
1218 3271 1294 3315 mox

312 3424 530 3445 Μ

353 3521 395 3590 (1)
424 3521 477 3570 lam
497 3526 555 3568 aute
574 3514 683 3567 reditum
712 3515 739 3563 in
767 3512 873 3581 patriam
892 3513 981 3562 itinera
1006 3513 1117 3578 lecerat,
1145 3512 1289 3583 Scipionem

328 3615 469 3667 comitatus.
493 3612 607 3662 Ceterum
624 3608 743 3661 dehisce
761 3605 857 3674 Polybii
867 3604 1065 3674 expeditionibus
1084 3603 1126 3658 eff.
1143 3606 1210 3673 loci,
1228 3626 1292 3678 qnos

306 3717 307 3720 ’
328 3705 410 3758 attulit
419 3701 561 3769 Schweigb.
578 3702 632 3756 Vol.
646 3703 687 3768 V,
704 3719 732 3770 p.
740 3701 774 3752 11
792 3716 844 3768 sq„
865 3696 907 3748 ubi
924 3698 1005 3759 simul,
1016 3697 1156 3768 disputatur
1171 3698 1205 3752 de
1220 3709 1291 3754 tem-

329 3817 405 3872 pore,
424 3814 474 3866 quo
491 3795 623 3846 uonrurllae
644 3811 731 3846 earum
751 3795 832 3846 sactae
850 3793 907 3844 sint,

357 3893 399 3961 (2)
428 3891 502 3942 Natus
523 3897 576 3938 erat
594 3889 693 3960 Olymp.
714 3890 810 3941 cxttv
832 3887 870 3940 vel
895 3886 969 3938 initio
986 3886 1089 3958 Olymp.
1105 3890 1206 3957 exst,
1225 3892 1290 3947 iuter

330 3989 362 4040 Α.
377 3986 406 4042 U.
426 3986 480 4038 550
497 3992 521 4036 et
541 3984 613 4050 556,
633 3983 668 4034 uti
688 3983 992 4054 computavitScbweigb.
1009 3985 1063 4041 vot.
1080 3988 1121 4053 V,
1136 4005 1163 4058 p.
1179 3990 1198 4050 3
1215 4005 1279 4067 sqq,
