2867 5017
786 337 829 398 26

322 532 361 596 Et
379 540 447 593 arat
467 529 623 614 quidem,
645 550 685 591 ex
705 532 861 593 sententia
883 529 1028 614 Polybo,
1054 529 1159 605 haec,
1179 533 1302 618 quod,

321 659 422 724 quam
453 646 555 700 artem
592 636 702 698 cuncti
732 635 878 699 Arcades
909 635 962 699 ab.
984 637 1213 721 antnjuuduns
1246 641 1299 704 in·

320 746 361 808 de
393 743 596 828 temporibus
627 764 707 828 prae
745 744 859 806 ceteris
890 744 1080 817 coluerant,
1116 745 1301 823 musicarn,

319 850 405 916 hanc
439 850 492 912 isti
532 849 591 911 soli
623 848 761 933 turpiter
780 865 784 870 ’
802 848 1023 934 neglexissent.
1079 849 1169 914 Haec
1211 854 1304 918 enim.

320 977 387 1032 ars,
404 982 408 990 v
424 965 460 1018 ut
480 955 629 1020 universo
663 954 773 1040 generi
796 953 941 1027 humano
970 955 1079 1030 utilis,
1114 957 1161 1022 ita
1191 959 1296 1026 Arca·

320 1063 416 1127 dhus
439 1062 596 1125 maiorem
616 1060 653 1124 in
673 1060 808 1124 modum
827 1061 976 1124 salutaris
996 1070 1062 1136 est,
1096 1062 1163 1127 imo
1182 1085 1301 1130 necem
1419 1118 1420 1129 ,

321 1172 415 1234 saria.
439 1171 554 1253 Neque
576 1167 758 1231 audiendus
768 1167 935 1251 Ephorus,
960 1168 1040 1253 qui,
1066 1173 1297 1236 raonem-effu·

323 1279 429 1340 atiena
448 1277 578 1340 mnime
599 1275 672 1360 ipso
682 1275 830 1361 dignun,
846 1273 918 1360 (l)”
939 1275 1151 1356 contenderat
1175 1280 1296 1342 ›mud-

325 1405 422 1448 scam
440 1385 484 1448 ad
505 1382 654 1446 fraudem
676 1394 708 1447 et
730 1383 957 1468 demptionem
974 1383 1060 1446 inter
1078 1382 1227 1447 homines
1243 1387 1297 1448 in·

322 1491 532 1556 »traductam
547 1495 679 1556 fuisse.”
704 1494 779 1556 Non
789 1502 908 1556 temere
918 1491 1082 1567 Arcades,
1108 1503 1165 1557 aut
1178 1495 1298 1580 ignava
1371 1483 1374 1488 ’

316 1600 446 1664 lascivia
468 1601 570 1676 ducti,
595 1601 739 1666 divinam
760 1602 847 1664 hanc
866 1610 969 1663 artem
987 1599 1137 1664 omnibus
1152 1600 1304 1664 civitatis.

319 1727 396 1771 suae
426 1709 578 1770 institutis
598 1707 856 1783 immiscuerunt,
881 1717 918 1770 ut
938 1727 958 1770 a
978 1707 1088 1792 pueris
1106 1715 1140 1772 et
1161 1725 1244 1769 voce
1265 1717 1298 1770 et

319 1816 536 1878 instrumentis
557 1833 674 1877 canere
696 1813 877 1889 discerent,
901 1825 934 1876 et
962 1815 1081 1880 saltum
1103 1814 1214 1877 cantui
1237 1814 1298 1878 ad-

321 1923 453 2008 iungere
463 1943 474 2000 ;Ἰ
499 1922 694 1986 sedsalubri
716 1923 762 1986 ita
782 1933 915 2009 egerant
937 1923 1089 1998 consilio,
1114 1930 1151 1983 ut
1166 1921 1302 2008 mitiga*

322 2040 392 2091 rent
416 2030 542 2093 civium·
557 2031 696 2104 ammos,
721 2030 857 2113 inques
874 2028 1011 2114 frigidus
1030 2039 1063 2091 et
1085 2027 1181 2092 tristis
1201 2026 1298 2092 husa

320 2137 458 2221 regionis
479 2156 535 2198 aer
550 2134 683 2196 nomam
707 2133 774 2196 vim
795 2133 976 2198 exercebat.
1022 2133 1105 2197 Nam
1126 2142 1162 2194 ut
1192 2133 1301 2200 forma

321 2254 353 2306 et
372 2245 502 2320 colore,
527 2243 573 2304 sic
590 2240 735 2304 moribus
754 2240 853 2304 etiam
869 2240 1015 2304 nonanes
1030 2261 1071 2304 eo
1090 2240 1247 2306 maiorem
1265 2243 1299 2304 in

320 2349 455 2412 modum
475 2350 558 2411 inter
578 2366 612 2410 ae
633 2345 805 2422 differunt,
840 2367 910 2431 quo
932 2347 1056 2414 diverso
1077 2347 1178 2432 magis
1202 2349 1306 2413 coeio

320 2468 473 2534 utantur3
496 2477 558 2519 nec
576 2457 675 2541 igitur
695 2455 771 2517 fieri
785 2464 929 2538 poterat,
954 2455 1037 2538 quin
1058 2456 1162 2540 gravia
1180 2452 1242 2533 ist'a
1265 2466 1299 2520 et

322 2584 435 2647 aspera
459 2563 612 2625 Arcadici
635 2562 718 2624 coeli
737 2563 906 2647 temperies
926 2562 1073 2626 duriores
1090 2563 1298 2628 efficeret-in-

324 2669 412 2731 colas
441 2677 472 2730 et
501 2667 544 2730 ad
574 2668 778 2732 ferocitatem
798 2688 929 2753 pronos.
976 2669 1138 2748 Quocirca
1160 2672 1302 2758 sapienti

323 2775 467 2838 instituto
490 2776 613 2841 civibus
633 2777 697 2839 suis
716 2776 788 2840 illes
806 2787 909 2853 artes,
941 2799 1028 2861 quae
1049 2798 1154 2842 mores
1170 2781 1298 2842 emolli·

322 2889 381 2944 unt
401 2901 463 2946 nec
484 2884 569 2947 feros
586 2903 652 2946 esse
670 2883 796 2958 sinunt,
820 2883 959 2945 fideliter
968 2883 1138 2947 &candes
1153 2877 1299 2948 madida.

325 2998 415 3063 rant,
440 2998 476 3050 ut
509 2989 655 3055 aduram
673 2989 757 3051 ¹illud
774 2999 875 3072 atque
893 2991 1056 3072 ingratum
1077 2991 1173 3052 animi
1195 2993 1310 3056 robur>

326 3093 480 3156 »caritura
503 3113 630 3155 morum
646 3092 957 3155 masuetacerentss’
986 3093 1090 3157 Tanto
1107 3103 1298 3160 autemstu-

241 3254 245 3260 .
321 3198 380 3262 ‚dio
403 3196 500 3258 abiis
519 3196 642 3260 musica
661 3193 847 3272 colebatur,
882 3204 917 3258 ut
939 3197 1008 3258 eius
1024 3197 1211 3282 imperitum
1229 3219 1305 3264 esse·

325 3315 421 3390 turpe
442 3324 481 3366 ac
503 3304 593 3366 nefas
614 3301 782 3368 haberent.
805 3304 848 3367 At
866 3303 1120 3389 Cynaethenses‚
1144 3306 1294 3392 neglecta

324 3411 455 3475 salutari
477 3411 540 3474 hac
563 3421 651 3488 arte,
675 3431 742 3496 qua
762 3420 870 3474 tamen
890 3410 971 3496 ipsi,
1005 3411 1178 3474 tristissimo
1199 3414 1300 3475 totius

324 3518 484 3581 Arcadiae
500 3519 592 3581 coelo
607 3526 750 3590 utentes,
775 3517 919 3581 omnium
936 3517 1073 3579 maxime
1094 3517 1293 3604 indigebant,

327 3627 395 3687 »ad
416 3635 593 3688 extremum
611 3641 715 3705 usquc
734 3640 772 3681 eo
791 3629 865 3681 sunt
876 3613 998 3682 efferati
1011 3668 1024 3698 ‚¹
1044 3630 1080 3683 ut
1097 3643 1205 3707 neque
1226 3645 1294 3686 me-

325 3732 439 3804 nime,
464 3749 572 3813 neque
590 3726 809 3811 frequentiora
830 3747 971 3790 summae
989 3728 1161 3813 impietatis
1176 3711 1299 3795 sceleia

315 3886 512 3905 ——u-—n

354 3938 396 4018 (1)
427 3947 562 4018 Οὐδαμῶς
580 3951 737 4018 ἁρμόζοντα
754 3949 833 4014 λόγον
851 3947 926 4016 αὐτῷ
945 3952 1031 4017 ῥίψας.
1059 3953 1076 4004 Ι.
1095 3955 1111 4004 Ι.
