2867 5017
572 342 632 405 139

116 535 249 603 laudare
266 548 366 621 posse
380 544 413 598 et
433 536 629 621 vituperare.
674 534 744 599 Nec
765 554 854 599 nunc
880 535 1014 621 quidem
1037 538 1089 601 di·

115 668 189 713 eam
209 644 254 707 de
270 642 447 707 tribusillis
456 642 647 719 clarissimis,
670 642 855 721 Herodoto,
880 644 1084 731 Thucydide,

115 750 354 837 Xenophonte,
386 770 591 836 quamquam
612 750 647 812 in
672 749 734 813 illis
754 751 830 814 satis
850 750 995 815 validum
1015 772 1091 816 sen-

116 861 236 925 tentiae
266 856 464 943 praesidium
493 856 685 933 habiturus,
713 856 770 921 sed
790 858 897 945 ipsum
923 860 1092 947 appellare

115 966 290 1053 Polybium
311 962 409 1041 libet,
434 964 511 1050 qui,
536 984 639 1049 quam
659 964 743 1028 bene
762 965 866 1043 illud,
891 964 984 1051 quod
1006 965 1089 1042 dixi,

16 1110 17 1132 r
115 1076 188 1139 fieri
210 1073 330 1161 possit,
363 1093 430 1136 uno
451 1074 620 1157 alteroque
638 1072 713 1136 loco
731 1072 915 1137 luculenter
940 1070 1090 1135 ostendit.

16 1219 18 1253 ,
120 1181 202 1262 Quis
220 1180 305 1242 enim
326 1178 371 1240 ita
392 1176 492 1240 hebes
512 1186 559 1238 est
581 1186 613 1239 et
632 1175 756 1240 iudicio
786 1176 976 1255 destitutus,
1011 1178 1094 1264 quin

118 1288 176 1350 illa
201 1309 234 1351 r.
258 1306 287 1350 c.
310 1285 443 1372 pugnae
465 1283 640 1348 Cannensis
659 1282 878 1369 descriptione
902 1284 951 1373 (l)
986 1286 1090 1363 lecta,

115 1394 282 1459 rariorum
313 1391 437 1455 ducum
467 1390 679 1478 prudentiam
701 1400 758 1454 aut
784 1393 995 1457 teneritatem
1015 1412 1092 1479 per·

15 1509 17 1513 ‘
116 1499 264 1564 sentiat?
293 1499 378 1578 Aut,
410 1499 468 1563 nbi
490 1499 532 1563 de
554 1497 744 1563 Hannibalis
770 1510 858 1564 trans
878 1498 978 1587 Alpes
995 1520 1095 1587 erpe-

115 1607 242 1671 ditione
263 1608 391 1695 agitur,
423 1608 498 1693 quis
517 1628 585 1671 non
604 1607 784 1670 admiratur
800 1610 915 1671 summi
933 1609 1018 1673 illius
1031 1610 1095 1672 im·

16 1710 18 1766 l
116 1715 279 1801 peratoris
295 1714 456 1777 solertiam
476 1713 512 1777 in
530 1714 634 1799 copiis
659 1714 724 1776 suis
744 1715 978 1794 sustentandis,
1013 1737 1097 1781 con·

116 1823 289 1887 firmandis
308 1833 341 1885 et
363 1821 405 1885 ab
425 1822 568 1884 bostium
594 1823 808 1907 locorumque
826 1822 1020 1887 difficultate
1036 1823 1095 1887 de·

117 1930 294 1994 fendendis
318 1926 397 2013 (2)?
430 1927 532 2011 Atqui
555 1937 664 1989 tamen
685 1947 795 2012 neque
820 1926 874 1990 bic
900 1948 1009 2014 neque
1030 1931 1098 1994 illio

46 2094 50 2100 .
115 2036 243 2097 diserte
272 2031 427 2117 Polybius
447 2033 524 2095 talia
550 2033 724 2109 indicarit,
758 2032 814 2096 sed
841 2033 933 2118 quod
959 2036 1100 2121 scriptor

116 2162 190 2206 non
208 2141 386 2226 praestitit,
413 2140 479 2203 boc
497 2141 656 2226 praestitit
671 2141 744 2227 ipsa
765 2140 961 2207 narrationis
981 2143 1098 2206 forma«

166 2250 344 2318 Veritatem
365 2252 477 2339 itaque
492 2254 560 2316 sine
580 2251 821 2317 commentariis
845 2258 988 2336 exponat
998 2247 1099 2313 histo-

118 2360 225 2435 ricus,
260 2380 370 2445 neque
388 2360 423 2423 in
444 2359 561 2436 rebus,
598 2360 793 2445 aprimario
812 2356 1004 2441 disciplinae
1021 2376 1098 2419 suae

120 2468 293 2554 proposito
301 2468 422 2544 alienis,
435 2467 521 2530 male
528 2466 660 2529 sedulus
670 2466 847 2529 inhaereat.
859 2462 985 2543 Quodsi
993 2472 1101 2529 tannen

121 2575 326 2659 paucissimis
334 2574 372 2636 iis
378 2574 469 2649 locis,
481 2572 539 2635 ubi
549 2582 607 2635 aut
617 2572 711 2635 solito
723 2570 904 2646 difficilius,
917 2570 1098 2655 autdespe·

122 2680 269 2743 randum
284 2681 351 2743 iere
361 2687 408 2743 est
418 2679 459 2742 de
469 2678 569 2742 rebus
575 2680 669 2765 gestis
678 2677 856 2755 iudicium,
881 2676 946 2739 boc
964 2675 1025 2738 sibi
1044 2696 1099 2739 su·

126 2808 217 2851 mere
230 2789 316 2865 velit,
329 2797 368 2851 ut
377 2787 553 2873 legentium
564 2807 705 2850 errorem
722 2806 779 2849 sua
795 2784 1014 2849 admonitione
1025 2781 1098 2846 obi·

126 2904 178 2958 ter
197 2904 415 2982 praecaveat,
440 2894 594 2980 equidem
611 2915 677 2959 non
693 2895 835 2957 multum
849 2892 997 2957 obstabo.
1031 2891 1099 2955 Sed

126 3001 292 3067 uberiores
311 3003 355 3067 de
375 3004 471 3068 iactis
492 3004 650 3069 historicis
683 3006 920 3093 disquisitiones
951 3005 993 3068 ab
1022 3006 1101 3090 ipsis

124 3110 302 3175 lectoribus
318 3112 541 3190 instituantur,
565 3115 645 3199 qui,
667 3115 728 3177 nisi
747 3114 944 3201 pbilosopba
952 3113 1101 3199 quadam

128 3218 288 3303 gravitate
311 3238 454 3303 cumque
484 3220 661 3307 sapientiae
688 3222 847 3285 desiderio
870 3221 914 3285 ad
934 3221 1100 3285 historiam

127 3324 303 3409 legendam
324 3328 500 3406 accedant,
524 3350 566 3392 ne
584 3330 675 3417 digni
697 3329 834 3416 quidem
854 3338 928 3394 sunt
948 3329 1015 3405 illi,
1040 3329 1102 3414 qui

128 3441 198 3495 tam
220 3437 411 3519 praeclarae
440 3438 608 3503 doctrinae
636 3441 735 3504 sacris
757 3442 944 3516 initientur,
980 3440 1036 3503 ssd
1055 3439 1101 3503 si·

130 3540 221 3604 miles
236 3544 394 3627 profanis
426 3549 543 3631 procul
571 3548 647 3612 inde
679 3550 837 3615 arcendis:
895 3550 1103 3635 Quicumque

169 3798 214 3867 (1)
236 3800 265 3853 Is.
282 3800 337 3866 111,
356 3818 380 3853 a.
398 3802 451 3854 115
470 3820 525 3872 sqq.

171 3890 213 3959 (2)
237 3895 266 3946 1ι.
284 3894 340 3960 111,
359 3913 382 3946 c.
401 3898 437 3948 50
455 3915 510 3967 sqq.
556 3897 613 3962 Alia
643 3898 715 3952 buius
748 3902 784 3953 rei
824 3902 936 3972 exempta
964 3909 1097 3952 occurrunt

135 3984 151 4037 l.
169 3987 222 4052 lll,
240 4006 262 4039 e
283 3989 334 4053 82,
354 3987 369 4037 l.
388 3989 428 4055 X,
447 4008 469 4040 c.
490 3991 508 4038 ⁷
526 4007 561 4058 sq.
582 3989 649 4043 alibi.
1070 4000 1080 4009 “
