2867 5017
798 360 844 435 m
916 298 920 311 .

321 561 518 629 carminibus
539 558 728 623 suavitatem
757 555 884 619 addunt
913 564 945 617 et
966 554 1127 618 varietatis
1146 556 1293 623 dolecta-

320 672 441 735 tionem
465 668 528 756 (ll.

362 779 429 843 Etsi
456 796 557 862 porro
582 773 781 847 Herodotus,
813 770 904 833 haud
932 768 1089 833 mediocri
1116 772 1294 855 sapientiae

320 884 469 952 ubertate
492 884 687 957 instructus,
717 876 962 966 quodammodo
990 876 1206 962 philosophus
1225 881 1292 945 dici

318 1002 445 1078 potest,
476 1010 615 1073 eamque
640 985 881 1073 philosophiam
909 984 973 1047 suis
1002 1004 1138 1069 quoque
1163 986 1292 1072 scriptis

321 1098 527 1182 aliquatenus
547 1094 736 1179 impertivit,
768 1112 835 1157 non
861 1102 968 1155 tamen
988 1112 1028 1154 eo
1050 1094 1219 1177 proposito
1241 1096 1295 1158 lii·

320 1203 452 1267 storiam
479 1202 686 1286 conscripsit,
722 1212 758 1265 ut
790 1200 945 1265 haberent
974 1221 1046 1263 eam
1063 1204 1183 1287 posteri
1204 1205 1290 1267 vitae

320 1308 507 1395 magistram
532 1306 880 1393 prudentissimumque
900 1307 1157 1371 consiliatricem.
1197 1312 1290 1375 Unde

323 1418 448 1481 lactum
476 1425 539 1491 est,
572 1425 608 1478 ut
630 1416 813 1501 praeceptis
832 1436 972 1501 quoque
992 1426 1024 1479 ct
1046 1418 1174 1481 monitis
1194 1419 1292 1504 plane

322 1524 526 1599 abstinuerit,
552 1532 608 1586 aut
628 1522 738 1608 potius
755 1521 798 1585 de
815 1524 853 1587 iis
871 1544 913 1586 ne
935 1524 1122 1610 cogitaverit
1143 1526 1288 1609 quidem.

322 1631 421 1711 Quod
456 1649 522 1693 non
559 1632 605 1693 ita
639 1630 746 1715 accipi
775 1631 889 1707 velim,
926 1632 1020 1715 quasi
1050 1631 1178 1707 dicam,
1207 1634 1291 1696 nihil

319 1739 452 1803 omnino
473 1758 512 1800 cx
530 1736 662 1799 historia
682 1736 865 1799 llcrodotea
888 1736 931 1799 sd
951 1738 1125 1823 legentium
1143 1741 1290 1805 fructum·

319 1855 352 1909 et
373 1865 501 1907 morum
522 1843 781 1907 emendationem
801 1844 1004 1922 redundare,
1028 1847 1084 1910 sed
1111 1848 1174 1913 hoc
1195 1851 1289 1927 volo,

318 1973 499 2038 numquam
519 1953 626 2038 ipsum
646 1954 722 2018 talia
742 1953 860 2017 diserte
879 1954 1081 2032 indicavisse,
1107 1967 1163 2019 aut
1180 1966 1287 2041 poste-

320 2080 372 2123 ros
392 2060 468 2124 data
488 2080 589 2146 opera
609 2061 778 2125 monuisse.
814 2063 862 2125 lta
883 2084 959 2129 vero
980 2066 1104 2151 singula
1122 2065 1288 2140 tractavit,
1362 2063 1372 2073 ‘

321 2171 461 2253 utquid
482 2169 634 2254 pulcrum
654 2171 710 2245 sit,
743 2170 824 2254 quid
845 2170 963 2246 minus,
993 2171 1075 2254 quid
1096 2171 1290 2234 imitandum

320 2277 565 2364 fugiendumve,
584 2287 700 2363 sponte
719 2289 893 2364 appareat,
915 2289 1015 2363 atque
1034 2279 1081 2340 ita
1096 2278 1236 2340 naturali
1249 2298 1292 2341 ac
1359 2330 1368 2343 .

319 2386 457 2472 simplici
484 2386 609 2449 ratione
629 2386 717 2448 idem
748 2394 910 2448 assecutus
931 2393 996 2457 cst,
1022 2383 1114 2466 quod
1136 2383 1292 2467 Polybius

321 2492 604 2579 longisverborum
612 2493 813 2577 ambagibus.
823 2490 1004 2553 Sententiae
1013 2488 1146 2572 quidem
1154 2491 1293 2552 morales

322 2602 357 2663 in
377 2600 445 2662 eius
470 2598 558 2660 libris
577 2606 756 2659 occurrunt
785 2594 979 2681 permultae,
1013 2614 1125 2658 verum
1145 2615 1212 2658 non
1234 2615 1293 2659 cae

323 2706 388 2769 lmo
407 2704 716 2791 consilio—scriptae,
741 2714 777 2767 ut
799 2704 935 2767 lectores
953 2712 1106 2765 moneant
1128 2724 1167 2767 ao
1190 2705 1293 2766 corri-

325 2825 417 2902 gant,
440 2815 497 2878 sed
514 2824 686 2900 poetarum
704 2814 862 2875 rationem
876 2810 1060 2887 relerentes,
1085 2811 1215 2873 llomeri
1231 2810 1294 2871 im-

323 2923 454 3010 primis,
498 2924 532 2987 in
570 2924 662 2987 cuius
696 2920 902 2991 carminibus¹
925 2919 1005 2982 tales
1048 2919 1223 2981 sententiae
1262 2928 1294 2979 et

323 3030 599 3115 frequentissimae
624 3037 717 3102 sunt,
753 3037 785 3088 et
816 3027 906 3110 larga
932 3024 1038 3086 bonae
1068 3024 1168 3109 frugis
1197 3026 1294 3110 copia

323 3136 477 3219 repletae.
1122 3154 1123 3159 ¹

366 3236 497 3315 Quanta
536 3243 645 3296 autem
679 3233 714 3294 in
743 3233 880 3320 simplici
910 3232 974 3297 hoc
999 3236 1152 3298 narrandi
1179 3256 1294 3323 genere

326 3341 481 3407 Herodoti
516 3340 613 3403 inerit
645 3349 781 3404 naturae
811 3339 956 3417 bonitas,
991 3342 1104 3405 melius
1136 3342 1295 3406 declarari

326 3451 457 3537 nequit,
490 3469 591 3536 quam
618 3449 775 3536 appositis
795 3449 936 3535 Dionysii
956 3448 1027 3511 Hal.
1049 3448 1170 3514 verbis:
1197 3450 1292 3529 ἠμὲν

330 3562 390 3643 γὰρ
412 3557 589 3643 Ἡροδότου
611 3557 770 3636 διάθεσις,
794 3559 917 3644 iuquit,
943 3559 978 3622 iv
998 3559 1118 3623 ἅπασιν
1137 3560 1290 3635 ἐπιεικὴς,

328 3669 459 3739 καὶτοῖς
476 3666 534 3747 μὲν
553 3665 690 3745 ἀγαθοῖς
701 3661 918 3747 συνηδομένη,
942 3668 1008 3739 τοῖς
1030 3663 1064 3727 δὲ
1087 3667 1194 3736 κακοῖς
1215 3682 1292 3727 συν-

359 3889 402 3959 (1)
429 3884 465 3939 Cf·
484 3886 519 3939 Cl·
537 3893 558 3944 l.
575 3892 713 3946 TenBrinl
732 3892 758 3945 in
778 3889 851 3950 Bibl.
871 3910 924 3947 aaa
944 3890 1014 3944 aude
1034 3886 1229 3952 letterlruusle,
1247 3885 1300 3939 Vol.

322 3986 343 4049 l,
363 4000 387 4051 p.
408 3983 495 4050 Bsqq.
