2867 5017
783 348 831 413 88

336 546 378 609 de
409 564 467 609 suo
495 542 575 607 nihil
604 543 670 607 lere
690 539 835 605 adiiciat.
878 540 923 605 lla
953 560 1105 627 quoque,
1138 564 1223 629 quac
1249 557 1312 613 ant

334 653 416 717 falsa
445 660 502 713 aut
522 649 672 713 fabulosa
697 647 884 724 audiverat,
917 646 1057 712 fideliter
1079 663 1225 729 enarrat,
1248 676 1310 719 ne·

337 777 403 843 que
423 765 530 819 tamen
548 754 595 817 ita
617 764 654 816 ut
675 763 795 816 temere
812 753 873 815 ista
893 773 955 838 pro
973 754 1056 819 veris
1072 775 1112 819 ac
1131 759 1227 821 certis
1246 758 1309 825 ha·

334 864 411 927 bere
431 863 593 938 videatur,
617 861 675 925 sed
694 881 784 925 mera
806 870 931 925 tanttrm
952 862 1088 925 rumoris
1108 864 1237 930 levitate
1255 868 1308 931 in-

332 972 392 1035 niti
419 969 594 1056 significet,
630 969 744 1033 addito
770 968 916 1033 modesto
943 970 1001 1032 illo
1029 970 1143 1051 φασίν,
1180 983 1238 1037 aut
1265 975 1309 1049 ὥς

333 1076 491 1157 λέγουσιν.
516 1076 552 1139 si
570 1076 711 1142 diversas
731 1077 895 1141 variorum
911 1077 1082 1141 sententias
1102 1077 1215 1155 tradit,
1239 1080 1308 1165 ipae

332 1187 468 1273 quidem
487 1206 555 1249 non
582 1186 746 1262 decernit,
781 1186 839 1249 sed
866 1186 1027 1273 integrum
1054 1184 1231 1249 lectoribus
1254 1187 1308 1251 iu·

334 1293 457 1357 dicium
478 1293 643 1378 relinquit.
686 1294 758 1370 Sic,
784 1303 821 1356 ut
844 1314 910 1357 uno
931 1294 1079 1379 exe-plo
1106 1303 1198 1370 utar,
1230 1315 1307 1359 curn

332 1401 510 1465 Phoenices
537 1393 612 1477 illi,'
637 1400 699 1485 qui
729 1400 868 1463 Neconis
888 1401 976 1465 iussu
996 1400 1140 1467 Africam
1164 1402 1305 1469 cinctam·

333 1508 577 1594 navigaverant,
588 1520 591 1525 ’
602 1506 702 1570 solem
721 1526 741 1569 a
758 1506 873 1569 dextra
890 1527 923 1571 se
934 1506 1047 1573 vidisse
1056 1518 1239 1586 narrarent,
1262 1510 1308 1573 ita

336 1626 432 1679 caute
462 1635 502 1678 ae
533 1614 712 1700 prudenter
735 1612 846 1677 scribit
872 1612 1071 1678 Herodotus:
1103 1613 1212 1694 ἔλεγον
1236 1616 1305 1697 ἐμοὶ

333 1724 392 1803 μὲν
413 1720 449 1783 οὐ
470 1720 586 1796 πιστὰ,
609 1714 699 1800 ἄλλῳ
720 1716 755 1781 δὲ
776 1716 814 1797 δή
833 1742 909 1800 τεῳ,
933 1720 975 1793 ὦς
995 1717 1224 1803 περιπλώοντες
1242 1725 1303 1801 τὴν

333 1833 460 1917 Λιβύην
471 1878 481 1908 ,
504 1829 560 1892 τὸν
582 1825 673 1907 ἣλιον
695 1826 788 1911 ἔσχον
811 1828 842 1900 ἐς
864 1828 904 1891 τὰ
926 1824 1014 1902 δεξιά
1039 1829 1100 1916 (l).

373 1940 521 2025 Apparet
548 1937 584 1999 in
611 1934 697 1999 hanc
727 1933 889 1998 scribendi
917 1937 1075 2002 rationem
1096 1939 1223 2003 minime
1244 1959 1302 2003 ca·

333 2049 411 2111 dere
442 2045 593 2109 disertam
623 2062 795 2107 eaumrum
824 2045 1071 2128 expositionem,
1108 2057 1164 2111 eut
1196 2046 1237 2111 de
1266 2049 1304 2113 iis

335 2152 598 2238 disputationem.
633 2150 695 2213 Eas
715 2150 815 2236 igitur
832 2151 877 2213 ita
898 2153 1074 2215 narrationi
1095 2153 1243 2231 intexuit,
1269 2164 1305 2220 ut

333 2259 400 2321 sine
428 2256 527 2340 ipsius
557 2256 700 2319 auctoris
726 2254 962 2332 admonitione,
993 2278 1051 2321 sua
1072 2271 1187 2345 sponte
1208 2262 1303 2327 intel·

331 2366 484 2451 ligantur.
526 2361 594 2427 Nec
616 2383 709 2438 vero,
742 2362 768 2424 si
795 2361 939 2427 diversae
961 2364 1097 2427 alicuius
1118 2370 1164 2431 rei
1186 2390 1305 2435 causae

331 2471 510 2544 ferrentur,
538 2468 607 2555 ipse
629 2469 671 2532 de
691 2469 729 2531 iia
750 2468 920 2545 iudicavit,
945 2470 1001 2533 sed
1020 2471 1152 2557 singulis
1171 2476 1304 2560 opinio.

331 2577 427 2641 nibus
437 2576 601 2659 expositis,
626 2575 802 2641 lectoribus
822 2577 988 2663 optionem
1006 2579 1166 2643 concedit.
1190 2580 1303 2646 Testa-

331 2691 385 2746 tur
406 2680 470 2744 hoc
491 2681 561 2765 ipse
582 2702 621 2747 eo
642 2684 735 2759 loco,
771 2684 845 2761 ubi,
880 2706 957 2749 cum
976 2684 1053 2751 belli
1086 2686 1225 2753 Graecos
1249 2692 1302 2755 iti-

331 2801 381 2855 ter
402 2800 434 2853 et
454 2788 611 2853 barbaros
630 2790 711 2876 gesti
733 2789 831 2854 aliam
852 2812 985 2857 cauam
1006 2794 1102 2857 luisse
1124 2796 1301 2861 contende·

331 2911 402 2965 rent
427 2899 595 2964 Persarum
625 2898 801 2983 sapientes,
835 2900 931 2965 aliani
958 2901 1154 2979 Phoenices,
1186 2902 1303 2971 horum

332 3008 488 3071 sententia
516 3006 679 3092 explicata
706 3007 751 3067 ita
782 3008 905 3093 pergit:
935 3007 996 3084 lyd
1030 3007 1063 3071 δὲ
1090 3013 1161 3092 περὶ
1182 3014 1301 3075 τούτων

333 3114 390 3176 οὐκ
410 3114 538 3197 ἔρχομαι
561 3111 672 3193 ἐρέων,
695 3113 738 3184 ὥς
757 3112 854 3183 οὕτως
873 3115 895 3191 ἤ
911 3109 1014 3184 ἄλλως
1033 3135 1092 3185 κως
1111 3120 1212 3180 ταῦτα
1233 3118 1302 3197 ἐγέ-

332 3240 404 3282 νετο
432 3215 494 3300 (2).
538 3215 651 3300 Neque
676 3217 774 3303 igitur
800 3235 894 3278 suum
914 3216 1104 3302 interposuit
1125 3221 1299 3303 iudicium,

333 3335 368 3387 ut
390 3323 472 3409 quid
492 3323 574 3386 bene
596 3333 720 3409 gestum
742 3333 841 3400 esset,
871 3323 955 3409 quid
975 3326 1075 3402 male,
1106 3327 1299 3407 declararet,

333 3434 458 3496 sedita
491 3455 541 3496 res
569 3435 748 3511 enarravit,
784 3445 820 3497 ut
849 3434 914 3497 hoc
947 3436 1007 3521 ipsi
1034 3436 1174 3523 legentes
1197 3439 1305 3501 statim

334 3542 598 3607 animadvertant.
641 3541 715 3621 Quo
737 3542 792 3617 fit,
826 3552 879 3617 ut,
912 3543 1032 3606 etiamsi
1053 3544 1133 3608 nihil
1154 3544 1220 3607 lere
1240 3545 1302 3609 nisi

334 3653 419 3715 facta
444 3649 560 3724 tradit,
591 3650 681 3715 haud
713 3670 829 3735 parum
854 3661 960 3715 tamen
982 3652 1126 3720 conserat
1155 3654 1196 3723 ad
1216 3654 1301 3723 inte-

327 3808 521 3821 mun-u·-

362 3874 405 3943 (1)
431 3873 567 3936 t.1v,c.
588 3876 630 3924 ta.

361 3969 402 4035 (a)
430 3969 456 4019 t.
476 3967 502 4030 ι,
522 3985 544 4017 e.
563 3969 588 4016 5.
