2867 5017
590 371 634 435 69

127 565 292 654 quisitione
312 561 538 650 departibor,
552 567 641 634 artie
663 569 911 652 imperatoriae
930 568 994 655 (t).
1019 571 1093 653 Quo

127 675 255 762 quidem
280 671 355 735 loeo
385 671 574 759 primarirun
601 673 747 736 omniann
767 685 980 761 praecaptum
1001 669 1095 764 ponit

126 783 201 848 hoc:
231 781 290 844 σόν
319 781 366 861 νῷ
388 783 539 861 πράττειν
561 779 596 843 τό
618 780 787 862 marren.
825 781 968 871 Reliqua
990 807 1088 865 vero,

123 911 204 981 quae
225 889 271 954 ad
289 889 380 952 hunc
401 895 570 972 tamquam
587 885 711 951 mntem
728 889 926 968 referuntur,
951 891 1000 958 his
1018 915 1090 959 ver-

123 1001 168 1066 bis
189 995 454 1086 comprehendit:
482 997 584 1076 πόοης
609 991 648 1073 δὴ
671 995 811 1078 πράξεως
829 996 955 1081 ἐχούσης
977 1005 1089 1084 ιιιιιρόν

123 1106 291 1192 ὡρισμένον
302 1151 312 1185 ,
344 1105 398 1166 nai
428 1099 605 1182 διάστημα,
636 1104 691 1164 κοιλ
714 1105 833 1182 τόπον,
865 1110 919 1168 aar*
941 1107 1093 1191 προσδιο-

121 1215 211 1298 μένης
237 1215 310 1279 τοῦ,
324 1207 460 1288 λαθεῖν,
491 1213 546 1271 καὶ
569 1214 782 1292 συνθημάτων
809 1213 1008 1294 ὡρισμένων,
1041 1215 1089 1279 ἔτι

121 1321 152 1388 di
180 1325 235 1386 acri
267 1306 355 1384 δι’
332 1341 378 1383 ων
389 1366 401 1398 r
431 1320 485 1380 καὶ
506 1315 581 1398 μεθ’
609 1305 676 1398 ὧν,
705 1323 760 1382 καὶ
783 1323 848 1386 τίνι
870 1325 976 1405 τρόπῳ
1003 1349 1089 1407 πριι

120 1547 229 1628 xristau,
253 1537 311 1623 οὐχ
332 1539 543 1619 ἁμαρτήσεται
566 1541 620 1616 τῆς
644 1534 806 1623 ἐπιβολῆς
839 1537 907 1601 o‘d’
929 1540 999 1612 ἑνός
1020 1536 1089 1600 ολι-
1139 1617 1153 1640 0

120 1654 257 1732 νωρῄσας
269 1693 279 1724 ,
310 1639 501 1724 emalricum
531 1647 586 1722 τῆς
610 1640 685 1725 ὅλης
710 1644 899 1727 προθέσεις.
942 1644 1092 1724 Οόῐτωςή

117 1757 205 1836 φόως
233 1753 311 1836 πρός
340 1753 396 1826 τὰς
422 1751 599 1836 ἀποτυχίας
623 1753 689 1818 τῶν
710 1751 952 1835 λπινοηόέντων
974 1753 1089 1817 ἱκανόν

117 1861 150 1928 ἓν
169 1862 284 1925 satra
305 1861 401 1944 τυχόν
428 1859 552 1940 ἐποίησε
572 1863 742 1924 τῶνιιατό
763 1859 867 1940 μέρος.
897 1859 974 1941 πρός
997 1855 1031 1920 di
1053 1859 1088 1922 τό

114 1975 298 2053 κατορθοῦν
319 1963 407 2046 μόλις
430 1968 525 2029 ἱκανὰ
545 1971 663 2030 πάντα.
705 1967 848 2029 Primum
866 1967 965 2053 igitur
984 1969 1089 2052 impe-

112 2077 234 2142 ratoris
261 2083 327 2149 est,
358 2069 493 2154 μηδενός
519 2071 760 2154 ἀφροντιστεῖν,
793 2093 834 2136 ac
859 2073 990 2159 singulis
1014 2073 1088 2135 diti-

113 2194 231 2274 genter
254 2179 428 2245 observatis
448 2180 651 2264 prospicere,
674 2181 821 2266 nequid
843 2180 974 2244 accidat
991 2200 1091 2244 neco·

113 2292 236 2380 pinati,
275 2288 368 2375 quod
393 2292 546 2372 πρόθεσιν
576 2311 686 2366 suam,
720 2311 807 2376 quae
839 2291 905 2354 fixa
937 2301 969 2354 et
1001 2300 1090 2354 certa

112 2399 268 2464 habenda
295 2403 374 2474 'est‚·
391 2397 502 2460 fallere
525 2407 581 2460 aut
604 2408 745 2462 evertere
765 2400 874 2484 possit.
910 2399 974 2462 Sed
996 2420 1094 2486 prae·

111 2517 200 2572 'terea
229 2506 293 2571 hoc
321 2506 502 2570 cavendum
531 2516 595 2583 est,
627 2529 668 2572 ue
689 2508 764 2594 quis
785 2509 918 2574 consilia
940 2530 998 2571 sua
1020 2507 1090 2570 aliis

115 2618 255 2704 aperiat,
287 2628 319 2681 at
348 2617 527 2704 prudenter
556 2639 595 2682 ea
616 2619 778 2695 occultet,
808 2619 914 2682 donec
938 2619 1021 2682 adsit
1042 2619 1089 2682 rei

115 2725 274 2812 gerendae
303 2733 440 2809 tempus.
483 2723 597 2808 Neque
624 2745 705 2787 voce
731 2734 858 2786 tantum
878 2725 971 2788 silere
991 2725 1089 2787 debet

116 2835 211 2911 dux‚·
229 2833 286 2895 sed
316 2832 408 2896 vultu
437 2851 573 2916 quoque
594 2833 732 2918 ipsoque
754 2833 878 2906 animo,
912 2833 1021 2916 quod,
1053 2843 1089 2894 ut

114 2941 358 3016 difficillimtun,
384 2940 429 3012 ita
451 2940 486 3002 in
507 2959 541 3000 re
561 2937 678 3001 bellica
699 2939 855 3024 imprimis
875 2940 1089 3002 necessarium

112 3059 177 3126 est,
204 3070 245 3112 ne
266 3048 435 3134 proposita
456 3048 660 3134 imperatoris
681 3047 724 3111 ab
746 3047 933 3111 adversariis
951 3057 1090 3133 excepta

114 3142 263 3222 successu
287 3165 429 3220 careant.

153 3263 222 3326 Sed
240 3273 368 3347 praeter
385 3262 537 3326 callidam
551 3262 638 3326 hanc
660 3272 691 3326 et
711 3263 882 3349 providam
904 3265 1089 3328 cautionem

112 3368 310 3456 cognitionis
329 3369 426 3440 etiam
454 3369 600 3434 ubertate
632 3370 808 3434 instructus
834 3373 874 3434 sit
901 3374 1088 3460 imperator.

114 3481 278 3544 Locorum
300 3478 385 3540 enirn
405 3487 574 3555 naturam,
610 3479 761 3542 itinerum
782 3478 971 3557 intervalla,
1007 3490 1087 3543 tem·

114 3588 232 3673 porum
252 3586 602 3672 opportunitatumquc
622 3587 783 3663 rationes,
809 3587 976 3651 hominum
996 3587 1089 3649 deni·

116 3717 181 3780 que
201 3694 343 3758 indolem
361 3694 407 3758 ite
426 3695 593 3780 explorata
609 3703 717 3757 tenere
734 3695 847 3772 debet,
873 3707 909 3758 ut
925 3694 968 3757 ad
985 3713 1088 3778 quae-

111 3851 319 3868 Μ

136 3922 187 3988 (1)
214 3924 241 3974 L.
261 3921 355 3985 1x‚c.
375 3921 440 3972 12-
443 3921 488 3972 21.
526 3919 562 3970 Ex
579 3935 629 3987 quo
647 3917 702 3970 ioco
720 3931 835 3992 excerpta
856 3933 910 3976 sunt
930 3921 1086 3985 omniaquac

120 4026 266 4088 sequuntur,
286 4015 367 4070 donec
387 4034 479 4070 novum
499 4016 581 4068 iocum
601 4014 726 4068 indicabo.
