2867 5017
612 379 652 442 19

183 569 300 652 Neque
328 569 362 632 in
382 571 487 634 causis
512 572 712 656 explicandis
733 583 852 636 temere
873 576 992 638 versari
1012 594 1111 663 opor·

140 687 209 740 tere
228 675 428 742 bistoricum
457 679 608 744 censebat
630 680 802 765 Polybius,
832 681 888 744 sed
910 701 979 756 eus,
1005 703 1111 766 quan·

140 795 210 848 tum
230 783 302 848 fieri
324 797 451 871 posset,
482 787 653 874 diligenter
677 799 709 852 et
730 798 883 852 accurate
902 789 1110 875 investigare,

142 913 202 956 nec
229 890 272 955 ab
293 891 332 954 iis
357 895 550 978 quaerendis
570 897 754 961 inveniendi
774 897 968 959 difficultate
987 894 1110 958 abster-

139 1000 219 1064 reri·
255 996 354 1078 Quod
378 999 464 1062 enim
484 1001 578 1062 multi
599 1001 760 1077 lecerunt,
794 1011 847 1076 ut,
881 1021 988 1064 rernm
1010 1003 1113 1066 causis

140 1105 233 1170 nullo
260 1105 368 1170 studio
389 1106 566 1192 indagatis,
599 1108 643 1171 ad
664 1107 840 1170 Fortunam
860 1109 1039 1171 Deonunre
1059 1129 1111 1170 er·

139 1211 271 1276 bitrium
288 1211 397 1275 omniu
422 1210 511 1274 nude
529 1211 700 1287 referrent,
725 1212 790 1274 boe
807 1213 843 1275 in
864 1223 1009 1278 nostrum
1029 1212 1112 1276 adeo

138 1339 205 1384 non
222 1318 380 1394 cedebat,
406 1328 442 1380 nt
460 1317 541 1382 nihil
559 1318 703 1383 historici
722 1340 860 1405 persona
882 1319 1044 1404 indignius
1059 1320 1110 1381 in·

139 1427 273 1492 dicarel.
312 1423 418 1504 Δῆλον
451 1427 527 1506 γὰρ,
561 1426 624 1502 ait,
656 1427 698 1498 ὡς
725 1430 823 1510 τύχην
844 1429 903 1506 μὲν
926 1426 1035 1488 αι’τίαν
1057 1422 1110 1487 λε-
1189 1484 1195 1494 ,

137 1555 225 1611 yses,
249 1529 392 1612 οὐδαμῶς
410 1535 453 1596 ἂν
473 1530 522 1610 ιἰἠ
542 1529 682 1612 πρέπον·
707 1529 830 1611 φαῦλον
848 1537 925 1614 γάρ·
949 1533 1058 1595 αἰτίαν
1077 1530 1112 1593 δὲ

135 1637 260 1720 μᾶλλον
281 1635 333 1702 δεῖ
359 1637 464 1718 ζητεῖν
486 1634 548 1723 (1).
570 1637 762 1700 Huiusmodi
782 1639 1001 1703 invocationes
1027 1639 1110 1702 Deo·

137 1765 211 1808 rum
232 1743 370 1809 affirmat
388 1764 453 1807 esse
470 1744 611 1827 ignavas.
645 1745 684 1804 Ol
700 1746 760 1826 γὰρ
780 1748 821 1824 μὴ
844 1743 1014 1826 δυνάμενοι
1040 1750 1111 1820 τούς

137 1859 286 1936 καιρούς,
309 1847 386 1932 μηδὲ
409 1852 465 1920 τὰς
483 1850 588 1920 αἰτίας
611 1854 664 1911 καὶ
685 1848 845 1923 διαθέσεις
863 1855 1001 1916 ἑκάστων
1019 1853 1111 1933 dept—

133 1963 202 2044 βὼς
220 1962 430 2040 συνθεωρεῖν,
454 1960 475 2035 ἡ
492 1955 546 2018 διὰ
561 1953 747 2036 φαυλότητα
765 1960 897 2035 φύσεως,
920 1963 942 2037 ἦ
957 1957 999 2021 δι’
1018 1961 1111 2022 ἀπει-

135 2067 215 2150 ρίαν
239 2070 294 2128 καὶ
317 2064 499 2146 ῥαθυμίαν,
531 2064 575 2134 εἷς
597 2063 691 2134 θεοὺς
717 2067 771 2124 nul
798 2065 895 2145 τύχας
920 2063 1112 2146 ἀναφέρουσι

134 2179 197 2247 τὰς
218 2173 322 2245 airino
341 2172 405 2234 τῶν
426 2168 469 2232 δι’
489 2169 658 2252 ἀγχίνοιαν
673 2169 706 2231 ἐκ
724 2167 871 2250 λογισμοῦ
891 2175 945 2234 οιαὶ
961 2167 1129 2254 apotolus

136 2277 392 2361 ἐπιτελουμένων
412 2274 473 2362 (2).
498 2275 621 2354 Quodsi
643 2284 752 2338 tamen
771 2296 821 2338 res
840 2276 886 2340 ita
906 2277 965 2354 sit,
989 2287 1025 2340 ut
1045 2277 1114 2339 eius

135 2407 259 2454 causae
279 2403 321 2449 ne
340 2383 477 2448 divinari
496 2380 629 2467 quidem
647 2381 859 2466 probabiliter
880 2383 1019 2469 possint,
1044 2392 1115 2445 tum

133 2495 272 2558 demum
295 2492 392 2556 licere
410 2489 516 2574 inquil
536 2488 588 2550 ἐπὶ
608 2489 644 2551 τὸ
662 2494 755 2552 θεῖον
775 2494 937 2553 ποιεῖσθαι
954 2491 1012 2568 τὴν
1031 2489 1114 2552 οἰνα-

135 2605 243 2684 φοράν
270 2598 332 2684 (3).
376 2600 415 2661 Et
445 2597 531 2660 hanc
561 2599 751 2662 sententiam
784 2596 1006 2684 compluribus
1033 2597 1113 2660 locis

134 2728 198 2772 suo
234 2705 383 2787 exemplo
416 2703 636 2780 confirmavit,
672 2706 823 2770 indicatis
847 2707 976 2768 illarum
1007 2723 1116 2766 rerum

136 2814 266 2888 causis,
291 2829 432 2897 quarum
450 2810 582 2895 reperiri
601 2831 693 2895 posse
715 2832 825 2874 omnes
846 2823 920 2876 ante
934 2814 1042 2898 ipsum
1055 2831 1113 2873 ne-

136 2929 298 3009 gaverant
322 2927 481 2986 auctores.

178 3027 268 3103 Sed,
294 3026 384 3089 dicat
406 3025 543 3109 aliquis,
567 3023 631 3087 hoc
654 3043 750 3088 omne
771 3023 907 3110 Polybio
927 3044 1004 3086 cum
1025 3024 1114 3109 prio-

135 3134 233 3199 ribus
255 3128 413 3195 historicis
434 3137 503 3192 erst
524 3147 714 3206 commune,
747 3150 890 3214 quorum
909 3130 1020 3192 nullus
1040 3151 1112 3192 um.
1190 3133 1213 3163 ·¹

134 3257 246 3325 quam
274 3234 451 3311 dubitarit,
487 3233 569 3317 quin
598 3244 688 3297 recta
717 3255 889 3300 causarum
919 3236 1113 3321 significatio

134 3342 358 3408 necessarium
379 3350 459 3404 esset
477 3338 629 3402 scribenti
648 3339 804 3404 officium.
833 3342 922 3415 Esto,
944 3341 1113 3414 statuerint

19 3485 20 3490 κ
136 3449 233 3521 idem
261 3449 302 3514 de
329 3447 375 3510 rei
404 3445 556 3520 utilitate,
585 3444 763 3520 cedreno,
796 3465 864 3528 qua
893 3445 942 3508 usi
970 3454 1044 3508 sunt
1070 3444 1114 3506 ad

136 3576 217 3624 eam
246 3554 492 3643 praestandam,
525 3575 545 3616 a
573 3552 696 3616 ratione
722 3550 900 3636 Polybiena
930 3560 998 3615 toto
1021 3551 1114 3616 coelo

170 3791 219 3860 (1)
244 3793 273 3844 L
292 3792 333 3856 11,
353 3809 374 3844 e.
394 3791 439 3844 38.

168 3887 217 3956 (2)
246 3889 273 3938 L.
293 3887 332 3951 ll,
351 3903 373 3939 c.
392 3887 418 3936 5.

168 3979 218 4046 (3)
246 3979 286 4032 Uti
306 3979 414 4048 loquitur
431 3978 457 4030 io
476 3977 545 4031 Eae.
567 3977 652 4030 Vatis.
671 3996 696 4048 p.
706 3979 768 4031 106.
