2867 5017
802 392 863 455 uo
915 347 918 356 ¹

343 590 402 675 qui
430 588 477 653 sie
505 586 603 654 dieit:
635 586 817 661 δεινότατός
847 584 933 651 ἔστιν
957 582 992 650 ἐν
1017 586 1087 659 ταῖς
1108 590 1331 675 παραβάσεσι

341 700 399 761 sal
416 702 487 771 ταῖς
502 692 559 776 ἀφ’
575 693 672 759 αὑτοῦ
691 689 938 774 γνωμολογίαις,
962 694 1018 755 καὶ
1036 688 1221 779 συλλήβδην
1241 699 1331 765 ὅταν

341 829 407 871 non
426 804 482 872 τόν
505 804 732 887 incessendum
758 798 853 880 λόγον
880 796 1069 880 destituitur
1095 798 1158 888 (Ι)
1193 804 1331 871 Eodem

340 913 506 999 pertinent
526 912 648 979 Timaei
676 908 793 986 verba,
825 928 912 993 quae
925 894 973 971 ‘eo
992 907 1068 971 looo
1088 908 1200 975 retulit
1222 910 1329 999 Poly-

339 1018 414 1086 bius
436 1017 506 1106 (2),
531 1017 708 1103 inquibus
727 1023 926 1079 memoratur
946 1012 982 1076 τὸ
1003 1015 1068 1079 τῶν
1091 1013 1328 1085 ἐπιδεικτικῶν

341 1124 444 1207 λόγων
467 1125 577 1207 γένος,
609 1125 652 1189 ab
673 1124 806 1210 Ephoro
835 1113 1044 1199 adhibitum.
1071 1124 1166 1210 qnod
1187 1127 1226 1191 in
1248 1127 1325 1193 lau-

340 1234 452 1303 dando
480 1245 538 1299 aut
564 1234 781 1321 vituperando
808 1233 951 1320 positum
976 1239 1068 1295 esset.
1098 1232 1186 1313 ·Quo
1207 1244 1327 1301 tamen

340 1346 377 1410 in
396 1364 514 1432 genere
538 1340 688 1427 Ephorus
720 1341 859 1427 graviter
883 1347 1055 1405 aecusatus
1075 1348 1123 1402 est
1143 1359 1162 1405 a
1183 1338 1326 1405 Plutar-

340 1450 419 1526 cho,
446 1449 505 1536 qui
526 1444 711 1512 δεινότατοι
733 1468 808 1511 enm
830 1445 976 1533 appellat
992 1442 1117 1519 α’δίιιοις
1133 1450 1326 1530 πράγμασιν
1350 1482 1353 1497 .

340 1559 396 1621 ναὶ
421 1562 572 1639 πονηροῖς
596 1560 709 1636 ἤθεσιν
742 1553 933 1639 εὐσχήμονας
966 1554 1074 1628 αἰτίας
1104 1552 1322 1643 περιβαλεῖν,

341 1667 397 1729 sat
418 1661 530 1740 λόγους
548 1664 682 1748 ἔχοντας
703 1666 819 1745 κόσμον
842 1662 979 1747 ἐξευρεῖν
1003 1661 1065 1751 (3).

343 1820 348 1825 -
382 1772 495 1837 Secuti
512 1780 587 1835 sunt
604 1770 818 1835 Anaximenes
837 1772 1074 1856 Lampsacenus
1093 1780 1125 1833 et
1139 1768 1322 1835 Callisthe-

337 1900 396 1944 nes
414 1878 605 1964 Olynthius,
637 1880 719 1943 alter
737 1879 888 1966 Diogenis
909 1877 1041 1963 Cynici,
1066 1877 1245 1944 Aristotelis
1268 1880 1323 1943 al-

338 1996 390 2051 ter
413 1986 613 2074 discipulus,
648 1997 788 2074 uterque
809 1987 985 2053 Alexandri
1011 2008 1129 2052 comes.
1163 1988 1323 2071 Quorum
1369 2070 1373 2077 ,

340 2094 449 2180 prior,
484 2094 607 2178 Ephori
637 2096 822 2182 exemplum
853 2105 1002 2172 secutus,
1036 2094 1202 2161 historiam
1234 2116 1322 2161 oon·

340 2200 468 2287 scripsit
488 2200 681 2277 universam,
708 2200 883 2265 duodecim
903 2200 1068 2266 volumina
1089 2202 1318 2289 complexam,

340 2306 383 2371 ab
405 2308 482 2393 ipsis
506 2306 583 2371 indo
604 2308 729 2394 generis
753 2308 888 2373 humani
911 2308 1096 2395 primordiis
1117 2309 1160 2374 ad
1182 2310 1324 2397 Epami·

340 2414 471 2479 nondae
501 2426 637 2480 mortem
668 2416 741 2504 (4);
775 2416 934 2501 posterior
963 2424 1093 2500 praeter
1123 2415 1256 2481 Persica
1291 2428 1326 2482 et

340 2522 517 2589 Alexandri
534 2523 715 2598 historiam,
734 2522 900 2587 Hellenica
914 2520 1011 2583 etiam
1030 2523 1235 2609 composuit,
1253 2526 1326 2591 sive

342 2651 451 2693 rerum
483 2628 681 2692 Graecarum
710 2648 729 2691 a
758 2648 842 2715 paee
869 2626 1062 2693 Antaloidea
1084 2628 1128 2691 ad
1149 2628 1323 2718 direptum

340 2759 362 2802 a
389 2737 545 2801 Phocaeis
576 2734 771 2823 Delphinum
801 2737 959 2824 templum
985 2738 1218 2825 expositionem
1251 2741 1320 2831 (ὅ).

341 2844 408 2910 Sed
428 2844 470 2910 de
489 2845 607 2911 horum
627 2846 752 2911 ratione
772 2866 834 2933 pro
852 2857 962 2913 nostro
980 2848 1117 2913 oonsilio
1132 2850 1212 2914 certi
1233 2851 1322 2939 quid

371 3096 415 3163 (t)
442 3095 472 3146 la
488 3093 611 3162 excerptis
629 3109 644 3143 e
661 3093 677 3143 l.
694 3092 753 3143 llll.
771 3090 842 3144 Εαο.
862 3092 949 3144 Vatis.
967 3111 992 3161 p.
1012 3096 1056 3145 45.

370 3188 415 3253 (2)
442 3184 508 3235 lbid
530 3201 555 3252 p.
581 3185 626 3234 tl.
662 3182 711 3249 Qui
740 3182 808 3233 loeus
831 3184 881 3234 iarn
908 3184 1038 3253 legebatur
1072 3186 1098 3239 iu
1130 3186 1199 3239 libris
1221 3188 1317 3258 editis,

341 3277 361 3331 l.
378 3277 447 3343 llll,
468 3294 492 3328 ο.
508 3274 553 3327 28.

370 3372 414 3444 (3)
442 3372 472 3424 ln
490 3370 599 3434 mone,
626 3366 682 3420 Vol.
698 3368 737 3435 V,
752 3386 777 3439 p.
795 3369 849 3423 194
869 3368 924 3439 (ed.
940 3371 1044 3444 Bryon.)
1080 3373 1117 3425 Da
1132 3374 1226 3445 Ephori
1246 3375 1314 3429 rhe-

344 3469 444 3524 thorioo
460 3465 586 3519 scribendi
602 3481 694 3535 genere
715 3464 749 3517 el.
766 3482 841 3535 porro
857 3466 933 3517 Meier
952 3468 1057 3518 llas-rius
1076 3467 1093 3519 l.
1109 3467 1126 3519 l.
1139 3486 1164 3537 p.
1180 3470 1216 3521 36
1230 3487 1286 3541 sqq.

372 3565 414 3635 (l)
442 3560 545 3615 Diodor.
561 3559 638 3611 Sicul.
653 3559 670 3610 l.
686 3559 748 3623 XV,
766 3577 789 3609 c.
809 3558 853 3609 89.
881 3558 918 3609 De
937 3559 1091 3613 Anaximene
1101 3560 1247 3626 considendi
1255 3574 1316 3616 arnt

346 3658 461 3723 Vossius,
488 3654 522 3707 de
541 3656 614 3707 Hirr.
636 3655 682 3706 Gr.
701 3654 717 3704 l.
735 3654 764 3719 l,
792 3670 815 3705 e.
832 3652 895 3733 10Ἰ
912 3660 938 3702 et
956 3653 1159 3720 Sanctoaruoius‚
1184 3654 1314 3713 Examen

344 3753 466 3821 oririque
482 3756 530 3800 est.
546 3765 573 3817 p.
589 3748 624 3797 33
644 3764 683 3816 sq.
992 3814 995 3820 1

373 3845 416 3915 (5)
443 3840 546 3894 Diodor.
565 3839 641 3891 Sicut.
661 3840 677 3893 l.
695 3839 775 3905 XIV,
793 3856 816 3891 e.
837 3835 951 3889 117etl.
966 3837 1039 3904 XVI,
1058 3854 1081 3891 o.
1100 3841 1144 3893 14.
1181 3842 1218 3893 lle
1235 3842 1313 3897 catti-

347 3939 435 3993 sthene
455 3938 604 4009 scripserunt
626 3934 730 3985 Savium
754 3916 791 3985 in‘
809 3934 875 4003 opp.
896 3930 978 3985 Acad.
996 3934 1084 3989 lassor.
1104 3936 1159 3993 vol.
1182 3940 1259 4007 vlit,
1286 3956 1312 4010 p.

347 4035 402 4087 126
421 4050 476 4104 sqq.
495 4039 521 4083 et
539 4026 728 4081 Sanetocrueius
751 4025 768 4078 l.
789 4025 805 4079 l.
821 4045 847 4097 p.
865 4028 900 4079 34
918 4044 972 4097 sqq.
991 4036 1016 4080 et
1033 4030 1130 4101 passim.
1174 4036 1180 4041 '
