2867 5017
556 373 599 436 27

110 550 160 612 »in
180 545 245 608 ulia
257 543 825 620 Greeoerrnnurbiumexstiterintfl
851 547 926 626 Quo
942 549 1066 617 iactum

108 663 163 727 est,
193 660 229 713 ut
247 649 400 714 universis
427 647 610 712 Arcadibus
629 649 708 712 odio
730 660 762 712 et
782 655 994 718 munioni
1015 677 1065 720 ee·

103 767 181 835 sent;
211 777 251 819 ex
280 756 401 842 quibos
420 755 632 820 Mammenses
653 769 723 818 rem
745 756 793 819 ite
815 760 955 842 graviter
979 763 1065 825 tule-

105 870 188 938 runt,
212 872 249 924 ut
269 860 544 946 Cynaethensibus
563 881 602 923 ex
623 860 768 946 ipsonrm
777 864 910 948 regione
923 869 1064 952 egressis,

106 968 255 1039 sacrificis
273 976 480 1053 peragerent,
507 965 687 1051 urbemque
706 977 738 1030 et
749 987 844 1053 egros
860 971 994 1054 publice
1014 974 1070 1036 lu.-

105 1083 250 1149 erarem,
285 1091 327 1136 ne
353 1071 561 1140 scelestorum
588 1071 758 1138 hominum
785 1075 923 1160 vestigiis
951 1078 1070 1161 poliuti

106 1182 362 1248 existimaremur.

139 1289 239 1352 Erunt
263 1287 413 1361 fortasse,
448 1286 569 1371 quibus
594 1288 676 1352 rnirs
704 1287 788 1352 hoec
807 1289 934 1373 Polybii
954 1291 1068 1377 dispu-

105 1395 191 1469 tatio,
224 1413 287 1456 nee
312 1393 387 1456 sotis
413 1392 523 1457 valida
548 1394 645 1458 euirni
665 1392 791 1457 efferati
811 1413 912 1458 eausa
929 1416 948 1457 e
968 1398 1069 1458 musi·

105 1524 150 1566 ees
169 1503 324 1589 neglectu
344 1503 448 1589 repeti
469 1504 627 1568 rideatur.
671 1503 833 1589 Equidem
853 1523 959 1589 quum
979 1503 1070 1589 cogi·

104 1619 151 1686 to,
174 1610 270 1696 quod
289 1621 378 1674 recte
396 1612 456 1676 viri
473 1612 563 1676 docti
583 1621 780 1680 monuerunt
803 1610 873 1696 (l),
901 1611 1070 1694 explicen-

104 1717 140 1780 de
166 1718 253 1782 haec
274 1739 339 1782 esse
360 1739 379 1782 e
402 1730 546 1784 veterum
566 1721 734 1796 institutis,
765 1721 801 1781 in
821 1737 906 1802 quos
925 1717 1068 1802 ingule-
1152 1749 1157 1754 ·

102 1845 162 1886 r·
190 1825 258 1891 vim
285 1837 446 1890 exerceret
478 1828 534 1890 ille
566 1848 636 1903 ors,
674 1827 731 1890 oui
754 1823 937 1889 incredibili
963 1823 1073 1886 studio

104 1930 200 1994 dediti
218 1942 337 2007 essent,
361 1931 536 1994 brechene
554 1942 586 1994 et
602 1941 821 2016 congruenter
830 1940 967 1992 naturae
985 1931 1074 1996 dictu

104 2038 285 2102 essesfacile
314 2036 394 2098 mihi
426 2036 618 2120 persuadeo.
660 2036 703 2098 At
735 2037 851 2111 miror,
887 2035 1077 2098 historicum

102 2144 279 2209 istiusmodi
307 2163 478 2208 excursum
506 2145 540 2206 in
565 2142 672 2207 medis
698 2162 807 2206 rerum
826 2141 907 2205 serie
927 2143 1073 2228 interpo-

102 2253 209 2327 suisse,
239 2252 298 2335 qui
320 2251 383 2313 elio
404 2251 479 2312 loeo
498 2249 611 2314 melius
633 2251 733 2336 possit
754 2250 897 2334 placere.

137 2359 213 2422 Non
241 2354 480 2443 praetereunda
506 2355 561 2418 hio
587 2355 720 2418 ostelia
738 2356 926 2441 setis’ionga
948 2357 1072 2442 digres-

102 2468 157 2543 sio,
190 2486 272 2552 pars
291 2461 365 2525 libri
390 2462 475 2524 illius
489 2461 592 2536 sexti,
617 2481 717 2546 quem
751 2460 926 2523 »omnibus
951 2461 1075 2546 prinei·
1134 2529 1141 2543 ι

104 2571 239 2657 qubus,
272 2565 411 2632 ducibus
434 2576 466 2628 et
486 2565 627 2651 politicis
647 2587 715 2630 non
736 2565 927 2653 tegendum,
958 2567 1016 2630 sed
1030 2567 1075 2630 ed

103 2676 262 2740 »verbum
288 2675 523 2738 ediscendum”
559 2675 799 2738 commendavit
818 2675 897 2736 olim
906 2673 1073 2738 Ceseubo·

101 2806 159 2848 nus
178 2784 244 2871 (2).
268 2783 329 2846 Tot
350 2782 436 2845 enim
452 2783 594 2846 eontinet
616 2783 708 2844 utilis
726 2792 921 2866 praecepte,
946 2790 995 2842 tot
1014 2801 1073 2842 co·

102 2890 204 2975 pioses
234 2891 278 2954 de
306 2890 402 2954 variis
429 2889 526 2952 rebus
558 2889 706 2954 civilibus
736 2887 993 2971 disquisitiones,
1034 2904 1073 2948 er

102 2999 224 3082 quibus.
237 2999 357 3084 posteri
370 3010 545 3083 ‘tamquam
559 3018 578 3060 e
593 2997 684 3060 fonte
701 2995 838 3082 perenni
856 2993 978 3080 possint
992 3012 1071 3078 pro·

69 3183 72 3194 ,
100 3103 206 3170 ficere.
245 3107 311 3170 Sed
331 3107 475 3171 occurrit
495 3105 530 3167 in
550 3124 589 3168 eo
611 3105 694 3168 libr0
715 3104 809 3166 locus
824 3101 943 3187 uliquis
958 3098 1072 3183 impri-

24 3269 25 3300 ἰ
102 3213 413 3289 immemorabilis,
442 3215 501 3298 qui
528 3212 660 3278 inscribi
682 3213 779 3277 solet:
807 3211 901 3292 περὶ
927 3205 1073 3286 διαφό-

24 3303 25 3312 Ὶ
103 3346 179 3404 ρων
203 3319 433 3385 πολιτειῶν
454 3318 517 3406 (3).
551 3321 598 3384 De
619 3339 687 3403 quo
708 3325 900 3402 argumento
918 3313 1003 3374 haec
1022 3311 1072 3372 ie-

24 3445 25 3466 *
105 3428 252 3491 ctoribus
261 3428 435 3513 pollicetur
444 3424 614 3510 Polybius:
637 3423 710 3484 ὅσον
735 3421 865 3498 ἀνήκειν
886 3413 1034 3499 ὑπολαμβ
1057 3449 1075 3460 -

24 3565 27 3678 D
131 3696 172 3766 (1)
201 3695 242 3751 ce
260 3693 296 3745 n.
325 3689 474 3744 sonsum
499 3687 550 3740 ιι.
570 3704 595 3756 r·
616 3686 652 3736 ³⁹
672 3681 802 3753 “1·⁸‘·⁶¹·
822 3680 876 3732 ⁰⁰¹¹
896 3681 963 3746 Μ’
992 3682 1073 3752 ΜΨ·

24 3825 25 3838 2
107 3785 139 3839 de
155 3790 186 3840 ci
201 3786 327 3838 musices
344 3783 382 3838 ad
398 3779 577 3836 excolendum
597 3777 747 3844 honinem,
766 3795 790 3848 p.
809 3778 862 3831 1⁰1
881 3793 936 3846 sqq.

131 3884 173 3952 (2)
204 3886 235 3935 in
256 3879 371 3934 Dedicat.
387 3897 460 3950 supra
478 3873 544 3928 land.
561 3892 586 3944 p.
606 3872 682 3926 XLII.

24 4035 25 4072 E
132 3976 174 4042 (3)
200 3979 228 4030 G·
250 3979 267 4027 ³
287 3992 343 4044 sss·
