2867 5017
587 369 631 432 tt

155 565 395 630 ··llomauoruru
405 559 600 648 respublica
614 561 666 649 (l)
679 569 723 626 ex'
741 562 843 628 tribus
854 565 981 653 imperii
996 570 1108 636 lormia

137 673 177 736 ita
196 670 297 734 mixta
325 676 373 732 est
394 678 426 732 et
448 668 663 752 aequabiliter
683 672 884 756 composita,
915 684 952 738 nt
969 676 1105 742 unul.

136 779 194 845 latu
212 795 331 842 earum
350 777 447 840 amice
468 777 639 842 reserenda
658 778 716 854 sit,
746 789 779 843 at
793 778 998 867 singularum
1014 804 1106 848 com·
1145 823 1154 842 ,

137 885 235 952 modis
260 884 427 972 gaudeat,
459 886 675 950 incommodis
693 897 816 952 careat.
859 888 896 952 Si
922 891 997 976 quis
1019 892 1107 956 euim

135 992 307 1058 Consulum
316 1003 509 1079 potestat·
524 997 699 1080 sp'ectaret‚
722 995 947 1060 monarchiam
960 1014 1106 1064 encore·

136 1104 244 1184 deret}
273 1105 298 1167 si
320 1107 493 1194 respiceret
515 1107 690 1183 Senatum,
713 1109 914 1194 optimorum
937 1107 1109 1191 imperium

135 1233 264 1278 caruere
281 1213 340 1277 sibi
351 1213 539 1304 'videntum
578 1216 627 1278 sin
649 1233 726 1280 vero
745 1213 862 1302 populi
882 1213 1109 1278 auctoritates

133 1327 318 1407 reputaret,
343 1341 417 1386 scre
431 1319 688 1385 democraticum
707 1321 848 1386 civitatis
866 1321 1003 1384 lonnam
1020 1320 1108 1383 lianc

134 1446 196 1490 eam
213 1427 386 1514 cogitaret.
433 1427 532 1508 Quod
551 1430 714 1515 sapienter
730 1428 910 1491 admodum
923 1427 970 1489 sic
989 1427 1109 1490 cousti-
1139 1485 1145 1500 ,

133 1542 241 1597 tutum
261 1543 320 1598 est.
365 1534 417 1597 lta
430 1535 516 1598 enim
534 1535 729 1600 Consulibus
743 1532 882 1598 senatus
901 1532 1111 1620 populusque

135 1639 267 1704 obnoxii
292 1652 388 1720 sunt,
412 1644 456 1706 ita
477 1644 607 1708 illorum
629 1655 773 1731 potestas
792 1643 961 1731 plebique
981 1642 1112 1706 liuentia

134 1767 152 1810 a
174 1747 301 1816 Senatu
321 1760 561 1836 temperantur,
596 1752 641 1814 ita
668 1751 811 1837 denique
829 1751 964 1814 nimiam
983 1769 1111 1836 pauco·

134 1877 207 1920 rttm
234 1857 487 1922 dominationem
507 1859 651 1943 populus
670 1859 817 1944 reprimit
837 1868 937 1942 atque
957 1866 1108 1934 coercet,

132 1973 168 2027 ut
191 1965 287 2028 nulla
305 1983 380 2048 pars
397 1984 456 2026 sua
474 1964 621 2046 potentia
641 1962 741 2048 possit
760 1961 870 2039 abuti,
893 1965 950 2027 sed
968 1966 1112 2052 iugulat

129 2083 230 2136 certa
258 2071 382 2134 ratione
402 2070 591 2134 seinvicem
615 2079 646 2132 et
665 2071 854 2134 contineant
872 2065 906 2133 et'
924 2082 1110 2137 nnteutcut.

130 2181 214 2261 Quo
233 2176 291 2257 fit,
325 2189 360 2242 ut
390 2179 415 2242 si
440 2179 500 2241 tria
525 2178 608 2240 haec
639 2178 674 2240 in
703 2179 833 2243 civitate
844 2177 1033 2258 'momenta,
1064 2183 1112 2245 sic

133 2285 479 2364 coniunctionum,
514 2285 629 2349 eodem
647 2279 782 2349 firmiter
810 2287 963 2364 tendant,
986 2287 1116 2375 gratim

131 2399 187 2462 rix
209 2396 396 2482 quidquam
416 2395 550 2481 reperiri
572 2394 682 2480 possit.

175 2505 323 2591 Longior
341 2513 387 2566 est
409 2503 492 2566 haec
514 2503 713 2588 disputatio,
748 2522 851 2586 quam
871 2523 960 2586 quae
981 2503 1036 2567 lu'c
1058 2515 1115 2570 attt

134 2613 365 2690 describatur,
389 2622 446 2675 aut
467 2611 652 2698 diligentius
672 2616 849 2674 enarretur.
881 2612 1040 2674 Monuisse
1053 2609 1115 2698 igi·

136 2731 190 2784 tur
211 2720 372 2797 sufficiat,
407 2721 517 2783 omnia
534 2739 624 2782 mora
641 2719 821 2804 Polybiano
837 2720 906 2782 larse
924 2739 990 2782 esse
1010 2721 1116 2807 expli*

133 2839 213 2893 cata
232 2847 273 2892 ac
288 2827 518 2890 ratiocinando
538 2829 708 2890 illustrata.
731 2827 800 2889 Nec
818 2827 950 2911 quantis
966 2827 1118 2892 laudibus

133 2937 351 3002 excellentem
378 2935 467 2999 hanc
486 2937 532 2999 rei
552 2935 707 3022 publicae
727 2934 865 2996 formam
886 2933 1018 3018 dignam
1039 2953 1116 2998 cen·

59 3063 63 3068 ’
134 3054 243 3119 seret,
277 3043 407 3106 relicuit
438 3041 611 3128 Polybius3
647 3043 726 3127 qui,
762 3063 867 3126 quum
894 3041 965 3126 ipse
994 3057 1117 3106 summa

133 3140 368 3217 Romanunm
384 3153 599 3216 admiratione
622 3161 803 3228 teneretur,
828 3171 884 3214 eos
900 3160 933 3213 et
951 3151 1042 3236 apud
1058 3169 1114 3215 ae·

131 3259 257 3344 quales
284 3269 316 3321 et
344 3259 434 3344 apud
461 3269 608 3345 posteros
639 3279 698 3322 suo
730 3259 879 3322 encomio
904 3255 1118 3323 celebrandos

132 3361 296 3449 putabat..

131 3505 134 3510 ·
177 3467 389 3534 Conferenda
410 3468 542 3534 laicalia
563 3470 744 3556 disquisitio
762 3482 823 3548 est,
844 3472 1115 3560 quarcspublioa,

133 3579 295 3666 Romana
307 3597 382 3641 cum
393 3578 555 3642 Laconica
566 3579 759 3666 Punicaque
777 3590 1000 3666 comparatur,
1020 3603 1117 3668 prae·

135 3687 238 3750 misso
256 3684 346 3750 brevi
368 3695 548 3773 conspectu
569 3686 610 3750 de
629 3686 799 3765 Thebana,
816 3687 1014 3766 Atheniensi,
1036 3689 1114 3754 Cre·

137 3793 238 3869 tensi,
262 3793 370 3877 deque
388 3793 467 3858 ficta
478 3794 666 3860 Platonicae
687 3797 733 3860 rei
753 3797 906 3883 publicae
924 3799 1032 3885 specie
1047 3797 1111 3882 (2).

128 3925 351 3946 -u—---

167 3977 212 4046 (ι)
241 3977 269 4028 a.
279 3977 330 4042 vr,
349 3977 364 4030 t.
384 3978 401 4030 t

167 4069 214 4139 (a)
243 4067 309 4124 tua.
329 4087 351 4122 c.
371 4071 483 4129 43-57.
