2867 5017
330 582 406 626 veru
417 580 487 646 quo
507 561 602 623 decet
613 564 721 625 auimo
739 562 905 625 historiam
921 564 1072 649 inspiciat
1083 614 1090 642 ,
1116 567 1159 641 is,
1183 568 1284 631 credo
1295 617 1310 644 ,

327 669 440 743 inea,
465 666 749 752 quamdefeudo,
774 671 937 734 scribendi
957 674 1102 750 ratione,
1128 675 1234 737 omnia
1246 675 1307 737 itta
1428 746 1429 759 ἶ

330 774 490 850 inveniet,
526 796 613 859 quae
634 788 691 841 aut
722 778 834 865 cupit,
870 789 926 841 aut
949 791 1125 865 exspectat.
1172 782 1253 845 Nam
1270 792 1310 845 et
1428 832 1429 837 η

330 883 416 966 ipsas
436 902 486 945 res
506 902 582 946 vere
608 893 640 949 et
665 896 821 949 accurate
844 898 1041 973 cognoscet,
1075 900 1109 953 et
1140 892 1314 977 copiosam
1428 890 1429 951 i

329 988 464 1053 habebit
484 990 729 1075 contemplandi
750 991 997 1076 meditandique
1019 996 1195 1058 materiem.

704 1230 930 1247 mn·-

373 1418 553 1503 Reliquum
584 1427 651 1492 est,
690 1425 726 1478 ut
759 1417 885 1479 tertiam
917 1418 1049 1481 rationis
1081 1424 1311 1508 pragmaticae

331 1535 458 1612 partem
476 1525 713 1600 exauriuemus‚
738 1522 853 1599 idest,
879 1534 915 1587 ut
937 1526 1122 1605 videamus‚'
1148 1530 1229 1593 sitne
1250 1531 1308 1594 hi·

329 1635 439 1699 storici
462 1634 577 1696 diserte
598 1650 729 1694 mouere
744 1632 896 1707 lectores,
927 1642 962 1695 ut
984 1636 1119 1718 turpiter
1145 1637 1233 1699 facta
1252 1638 1309 1701 vi·-

332 1751 420 1818 tent‚
444 1738 612 1825 praeclare
629 1748 718 1823 gesta
739 1740 911 1805 imitentur.
943 1741 1056 1826 Neque
1075 1741 1211 1804 dubium
1229 1743 1308 1805 fore

331 1857 501 1935 putamus,
525 1865 690 1930 quaenam
708 1846 747 1907 sit
765 1856 875 1909 nostra
894 1847 935 1910 de
953 1847 1015 1909 hac
1027 1849 1216 1933 quaestione
1226 1860 1307 1913 seu-

330 1956 440 2021 tentia.
486 1953 550 2034 Qui
568 1954 654 2017 euim
673 1954 823 2017 ncillam
846 1955 981 2039 quidem
999 1955 1148 2041 scriptori
1173 1954 1302 2018 veniam

329 2060 606 2137 concedebamus,
643 2073 678 2125 ut
700 2062 742 2125 de
763 2084 870 2125 rerum
896 2064 1041 2127 bonitate
1071 2074 1126 2128 aut
1148 2064 1224 2127 vitio
1245 2064 1302 2127 iu·-

328 2168 472 2243 diearet,
507 2167 674 2252 quomodo
702 2169 800 2231 iidem
825 2169 906 2231 illud
935 2170 1018 2231 ferre
1051 2174 1227 2254 possimus,
1264 2182 1304 2234 ut

326 2275 508 2361 praeceptis
535 2283 568 2339 et
592 2274 873 2340 adhortationibus
899 2274 932 2337 in
953 2273 1104 2339 historiae
1125 2278 1302 2364 scriptione

327 2384 518 2471 indulgeat?
560 2386 660 2466 Quod
681 2385 756 2449 ideo
782 2384 881 2447 tutius
906 2383 1093 2469 improbare
1118 2384 1276 2447 audemus
1287 2433 1302 2461 ,.

327 2493 406 2577 quia
427 2492 475 2555 illi
492 2492 573 2576 ipsi,
598 2493 657 2576 qui
674 2514 847 2555 causarum
869 2492 1101 2578 expositionem
1120 2491 1304 2574 iudiciique

325 2599 374 2660 sui
394 2599 647 2661 declarationem
670 2598 711 2662 ab
733 2599 885 2663 historico
909 2602 1000 2665 enixe
1027 2600 1196 2685 flagitant,
1231 2598 1304 2662 hoc

325 2714 433 2767 tamen
456 2706 609 2770 mouendi
630 2707 831 2785 institutum,
857 2711 967 2773 sinon
990 2710 1088 2795 plane
1110 2707 1298 2795 repudiant,

325 2823 358 2877 at
375 2835 493 2899 parum
513 2816 626 2879 saltem
647 2828 773 2882 curant.
823 2819 1054 2904 »Equidem,¹'
1082 2817 1189 2903 inquit
1215 2816 1298 2878 Bor-

323 2943 418 3009 gerus
432 2921 501 3010 (l),
527 2932 589 2985 »ut
609 2923 738 2999 dicam,
764 2924 856 3008 quod
877 2924 1002 3001 sentio,
1027 2934 1064 2987 ut
1084 2924 1178 2987 istam
1199 2920 1297 2985 sedu-

325 3031 473 3093 »titatem
493 3050 560 3095 uon
585 3052 716 3116 prorsus
738 3052 905 3116 asperner,
940 3031 985 3092 ita
1012 3048 1079 3091 non
1100 3048 1299 3113 magnopere

323 3135 539 3197 »desiderem
585 3136 651 3213 Qui
669 3138 755 3197 enim
773 3138 924 3199 virtutem
946 3144 978 3197 et
997 3135 1130 3209 vitium,
1166 3134 1298 3218 sapien-

323 3238 427 3302 »tiam
446 3238 664 3301 et-stultitiam
684 3248 853 3326 tamquam
873 3239 907 3303 in
936 3260 1032 3305 scena
1065 3249 1211 3327 spectat,
1247 3240 1294 3303 ita

324 3355 458 3413 »autem
484 3346 629 3411 abiectus
650 3357 750 3433 atque
778 3349 924 3435 perditus
945 3359 1011 3426 est,
1037 3358 1074 3411 ut
1101 3368 1213 3411 eorum
1236 3344 1296 3409 ad-

324 3466 464 3544 »spectu
489 3465 545 3519 aut
571 3464 719 3519 neutram
739 3454 773 3519 in
795 3464 922 3541 partem
942 3465 1132 3532 moveatur,
1169 3464 1224 3517 aut
1245 3464 1295 3517 et-

324 3563 431 3640 »iam‚
465 3584 551 3649 quae
582 3572 675 3626 recta
702 3561 783 3638 sint,
806 3562 844 3625 iis
871 3583 974 3647 prava
996 3570 1194 3645 anteponat,
1228 3559 1296 3623 eius

323 3679 412 3746 rest,
437 3669 694 3747 mediusfidius,
720 3668 922 3754 desperanda
943 3668 1037 3730 salus.
1084 3666 1131 3729 De
1151 3665 1295 3729 humano
1342 3734 1348 3744 ,

323 3786 457 3837 »autem
479 3796 596 3861 genere
617 3778 663 3841 ita
694 3798 746 3841 me
779 3777 862 3843 hene
894 3777 1072 3841 existimare
1095 3773 1222 3851 fatcor„
1258 3784 1297 3837 ut

319 3939 560 3957 ——n

362 4013 404 4082 (1)
432 4016 457 4065 1..
478 4011 493 4063 Ι.
512 4029 535 4081 p.
557 4014 589 4063 73
610 4030 646 4081 sq.
