2867 5017
324 602 389 665 dae
410 600 507 673 ratio,
532 614 619 683 quae
640 593 695 659 illa
717 603 822 657 aetate
843 592 991 658 florebat.
1024 592 1114 657 llaec
1137 596 1239 673 enim,
1265 607 1303 661 ut

258 771 262 778 ,
324 726 425 795 snpra
456 704 614 781 vidimus,
658 701 827 766 rhetorum
858 699 982 767 artibus
1009 700 1203 767 iamdudum
1231 716 1302 769 erat

322 821 503 899 corrupta,
531 828 638 895 eaque
660 808 847 894 corruptela
868 807 1086 894 plurimorum
1108 810 1305 897 scriptorum

320 921 522 988 ·anotoritate
544 930 612 983 tam
633 918 716 982 altas
736 926 846 1005 egerat
866 914 1009 994 radices,
1041 925 1079 980 ut
1100 936 1119 980 a
1138 916 1305 1005 plerisque

278 1059 281 1063 ·
327 1050 391 1119 pro
419 1025 518 1092 laude
548 1024 735 1090 haberetur.
780 1024 896 1108 Neque
923 1022 1022 1109 igitur
1049 1022 1138 1087 facili
1168 1022 1303 1101 labore,

324 1156 435 1225 neque
464 1153 542 1199 eum
570 1132 741 1197 hominum
760 1130 930 1217 voluptate
951 1130 995 1194 ad
1014 1131 1155 1217 priscam
1177 1132 1303 1219 simpli·

320 1248 462 1309 citatem
481 1242 597 1307 reduci
617 1240 750 1305 historia
768 1239 936 1326 potuisset,
962 1238 1018 1303 scd
1035 1239 1141 1325 ipsum
1161 1238 1244 1303 illud
1262 1241 1306 1305 de
1430 1262 1431 1309 t

322 1349 427 1416 ¹rebus
436 1349 573 1414 narratis
582 1347 757 1413 merendi
772 1347 956 1411 institutum
975 1345 1016 1410 ab
1027 1345 1180 1412 historico
1190 1358 1306 1437 portu·
1430 1328 1431 1369 ³

330 1458 471 1523 labatur.
515 1456 670 1543 Polybius
698 1457 811 1542 itaque
837 1476 942 1541 quum
980 1456 1024 1520 ad
1054 1476 1126 1520 eam
1157 1476 1306 1522 normam

323 1566 379 1629 sic
399 1565 467 1628 lere
492 1574 572 1627 esset
594 1562 787 1641 adstrictus,
811 1561 895 1647 qnid
915 1561 1016 1627 iecit?
1038 1562 1130 1629 ltane
1150 1564 1194 1629 ad
1214 1566 1306 1653 prio·
1430 1626 1431 1659 ξ

325 1691 407 1735 ¹rum
427 1670 612 1755 exemplum
629 1689 662 1732 se
681 1668 881 1753 composuit,
908 1678 944 1731 ut
961 1668 1041 1731 nihil
1062 1670 1245 1755 quidquam
1261 1668 1307 1735 ah
1430 1706 1431 1709 π

329 1780 368 1843 iis
386 1779 427 1842 sit
446 1775 614 1841 diversus?
643 1775 772 1838 Minime
792 1796 879 1841 vero.
903 1774 968 1839 Sed
986 1773 1074 1839 hunc
1091 1777 1216 1863 ipsum,
1236 1798 1309 1865 quo

322 1887 384 1951 ¹uti
403 1893 637 1961 decresceret,
663 1884 905 1949 commentandi
921 1904 1044 1949 morem
1062 1882 1106 1948 ad
1124 1894 1233 1949 rectae
1252 1907 1308 1951 ra·

332 1995 430 2059 tionis
450 1994 553 2081 legem
573 1994 754 2070 revocavit,
787 1993 1013 2079 ecquomodo
1035 1994 1218 2071 constituit,
1241 2014 1310 2059 non

332 2103 430 2165 inane
456 2100 625 2185 quoddam
650 2101 857 2187 eloquentiae
883 2102 1126 2186 spectaculum,
1158 2102 1215 2167 sed
1237 2103 1310 2191 plo·

333 2226 412 2269 nam
434 2206 629 2291 prudentiae
649 2209 841 2293 virtutisque
861 2209 1037 2273 officinam.
1068 2210 1162 2287 Unde
1181 2216 1308 2275 tantum

307 2312 441 2398 habent,
477 2322 514 2375 ut
536 2313 676 2399 graviter
704 2314 891 2400 culpandus
913 2332 979 2379 esse
1000 2316 1168 2395 videatur,
1201 2326 1237 2381 ut
1257 2336 1308 2381 sa-
1430 2310 1431 2389 ἶ

337 2423 474 2485 lutatam
506 2424 614 2508 potius
642 2424 794 2489 historiae
817 2424 1011 2488 medicinam
1033 2425 1175 2487 attulisse
1196 2426 1310 2493 dicen-

327 2529 399 2593 dus
423 2530 473 2591 eit
1430 2586 1431 2601 ἢ

376 2633 450 2696 ntia
467 2650 602 2718 quoque
623 2650 674 2695 res
694 2642 758 2708 est,
784 2651 870 2717 quae
892 2632 917 2695 si
937 2632 1155 2721 excusationis
1169 2607 1244 2699 loco
1262 2602 1313 2699 al·

334 2742 411 2804 ferri
438 2760 506 2805 nou
537 2747 661 2825 potest,
694 2747 728 2801 at
755 2738 856 2803 efficit
884 2747 1008 2816 tamen,
1041 2749 1078 2802 ut
1102 2740 1161 2805 iste
1181 2740 1314 2806 rationis

330 2846 558 2933 pragmaticae
587 2864 663 2908 usus
687 2836 823 2929 Polybid
850 2846 978 2911 facilius
998 2848 1210 2913 concedatur.
1251 2848 1313 2913 llic

334 2956 442 3030 enim,
478 2974 581 3037 quum
610 2973 731 3040 magna
760 2955 954 3040 cognitionis
983 2954 1131 3019 ubertate
1159 2954 1311 3033 floreret,
1430 2980 1431 3031 j

338 3082 410 3125 eam
430 3061 495 3125 hoo
515 3062 585 3147 ipse
604 3060 769 3125 scribendi
787 3063 912 3127 ratione
930 3064 964 3127 in
986 3063 1085 3125 libros
1105 3082 1179 3125 suos
1199 3065 1244 3127 ita
1266 3064 1316 3129 el'·
1430 3068 1431 3071 ’

338 3166 441 3237 indit,
466 3175 503 3225 ut
520 3166 709 3226 ditissimum
725 3166 886 3226 bonarum
903 3184 1011 3227 rerum
1027 3165 1215 3231 thesaurum
1232 3188 1315 3239 con-
1430 3206 1431 3209 =

333 3267 451 3342 deret,
493 3277 601 3331 nostra
640 3267 798 3354 imprimis
835 3280 940 3335 aetate
966 3274 1086 3359 'magni
1117 3274 1314 3343 laciendum.

334 3376 431 3457 -Quot
452 3376 537 3440 enim
557 3386 631 3441 sunt
652 3387 861 3465 quantaeque
883 3400 949 3460 res,
972 3402 1114 3465 quarum
1130 3385 1197 3449 siue
1219 3385 1315 3472 Poly·
1430 3364 1431 3403 ³

336 3487 395 3550 bio
415 3508 465 3579 -ne
495 3487 597 3550 levem
625 3484 760 3571 quidem
786 3495 914 3571 gustum
936 3486 1080 3572 aliquem
1101 3488 1314 3569 haberemus,

341 3616 493 3681 quasque
528 3615 618 3660 mmo
660 3604 692 3657 et
722 3594 819 3679 plene
851 3604 882 3657 et
915 3606 1068 3665 accurate
1098 3596 1314 3682 intelligimus.

336 3705 451 3782 -Quam
465 3704 547 3768 bene
567 3703 699 3765 illorum
722 3710 904 3787 temporum
918 3700 1063 3765 indolem
1084 3700 1317 3789 cogitandique
1430 3728 1431 3731 ,

343 3830 465 3896 mnus,
495 3811 647 3875 scientiae
668 3810 823 3897 politicae
843 3819 993 3881 naturum
1020 3811 1162 3897 artisque
1181 3808 1319 3873 bellicae

341 3918 499 3983 rationem
517 3937 556 3979 ex
578 3937 644 3983 uno
666 3917 801 4002 Polybio
822 3918 1054 4004 cognoscimus.
1088 3919 1195 4000 Quam
1214 3916 1317 3981 multe

339 4024 399 4089 hic
422 4024 463 4091 de
482 4024 575 4094 variis
596 4024 754 4095 historicis
774 4028 948 4095 memoriae
970 4027 1153 4103 mandavit,
1180 4026 1221 4091 de
1243 4023 1317 4109 qui·
