2867 5017
547 453 593 516 tto

171 657 297 730 contulisse
314 643 436 735 Polybius
460 643 618 714 dicendus
631 651 693 713 nit.
739 649 853 739 ltaque
870 661 981 720 tamea
998 657 1067 742 ipse

166 774 225 836 hoec
244 759 357 826 sufficere
372 750 583 832 existimabat,
612 755 669 821 sed
690 755 767 822 alibi
788 775 925 846 quoque
945 761 1067 848 pasu‘m

160 864 321 942 noritissuis
338 856 485 924 historiam
506 861 738 950 locupletavit,
770 885 838 931 non
854 867 918 930 illis
928 867 1068 954 quidem

155 983 260 1050 moisem
277 967 514 1048 cohaerentibus,
550 981 583 1036 at
603 973 708 1038 nihilo
730 983 837 1040 umen
863 977 971 1039 minus
989 995 1069 1040 crasa

151 1100 220 1157 certo
237 1077 347 1148 docendi
369 1079 537 1164 proposito
566 1081 702 1147 insertis.
748 1081 816 1146 llos
844 1081 965 1146 horona
984 1099 1068 1148 non·

148 1195 219 1262 nullu
242 1181 447 1260 exhibebimus,
477 1185 555 1272 ipsis
573 1186 771 1275 plerumque
791 1187 918 1275 Polybii
943 1187 1065 1270 τώς

142 1322 229 1391 oeque
244 1301 272 1364 iu
287 1315 318 1362 eo
333 1292 464 1358 mrultum
480 1294 715 1376 laborabimus,
741 1309 778 1364 ut
792 1297 970 1364 artificioso
979 1315 1065 1384 quc·

140 1412 200 1476 dam
217 1426 288 1472 nexu
305 1400 419 1489 s‘ngula
440 1405 694 1494 coniungentes,
719 1405 813 1494 quod
832 1415 866 1470 et
881 1407 959 1470 satis
975 1403 1063 1472 otn-

130 1521 183 1584 cile
200 1516 286 1590 toret,
312 1519 339 1576 et
358 1509 401 1574 ad
422 1509 574 1578 historiae
594 1515 818 1602 pragmaticae
838 1512 981 1580 innotans
1002 1511 1061 1578 dc·

128 1621 293 1713 pingendae
307 1638 434 1706 prorsus
453 1641 703 1710 supervacuum.

157 1732 190 1796 ln
220 1746 398 1814 unaquaque
427 1727 556 1794 civitate
594 1729 658 1794 luoc
697 1729 853 1818 imprimis
880 1729 1063 1796 cauendum

118 1849 175 1915 est,
206 1857 243 1901 ne
260 1833 349 1899 sitnia
376 1841 519 1920 potestas
548 1835 604 1898 uni
631 1835 844 1900 concedatur.
889 1833 1062 1902 &muso

113 1946 187 2012 euim
207 1941 332 2009 libertati
351 1961 390 2006 ac
411 1941 532 2006 iunium
552 1942 743 2030 aequalitati
763 1942 845 2009 nobil
865 1943 970 2029 magia
987 1941 1063 2006 offi-

110 2056 168 2130 cit,
202 2051 277 2118 nihil
296 2059 337 2114 est
353 2049 575 2136 perniciosius.
621 2050 722 2132 Quod
742 2049 898 2138 Polybius
917 2049 963 2112 ito
991 2066 1062 2112 mo-

12 2155 16 2200 2¹
103 2160 189 2224 nult.-
212 2153 349 2222 οὐδέποτε
370 2157 430 2238 γὰρ
453 2157 510 2241 χρὴ
531 2191 576 2204 -
596 2153 791 2239 τηλικαύτην
812 2154 920 2222 οὐδενὶ
941 2177 1063 2235 συννα-

99 2261 293 2339 τασνιυαζιιν
314 2261 524 2340 δυναστείαν,
548 2263 625 2346 πρὸς
646 2267 687 2346 ἣν
713 2263 787 2330 odds'
804 2270 877 2350 ansol
899 2267 965 2335 τῶν
985 2263 1063 2348 ὁμα-

94 2370 286 2453 λογουμένων
317 2368 442 2445 ἒξέσται
473 2368 606 2436 taxatas
634 2370 845 2458 ἀμφισβητεῖν
869 2373 933 2461 (l).
978 2373 1063 2440 nam

87 2481 111 2544 sl
135 2481 180 2556 is,
214 2477 267 2574 cui
293 2478 367 2542 talis
387 2478 522 2544 licentia
544 2477 715 2558 tribuitur,
744 2501 783 2546 aa
804 2481 942 2560 abanan,
974 2481 1062 2546 arbi·

84 2590 144 2654 trio
161 2609 222 2654 sao
243 2589 353 2654 omnia
374 2609 485 2677 regere
506 2589 731 2678 aggrediatur,
756 2590 935 2656 verendum
952 2599 1000 2654 est
1019 2609 1062 2654 ne

79 2697 180 2762 libera
211 2697 325 2763 civitas
350 2717 410 2762 sua
434 2697 534 2785 ipsius
559 2697 780 2782 imprudentia
807 2695 972 2784 tyrannidi
1000 2695 1061 2761 liat

73 2802 241 2870 annectas
274 2805 392 2886 ταύτης
419 2800 454 2867 dd
479 2801 575 2884 μείζω
601 2804 797 2886 κατηγορίαν
818 2807 841 2884 ἤ
866 2801 1059 2887 πικροτέραν

71 2907 142 2972 οὐδ’
162 2912 210 2976 ἂν
241 2912 346 2976 sistris
374 2907 487 2993 ῥᾳδίως
513 2905 639 2975 toousr’
657 2906 779 2983 οὐδείς·
807 2907 886 2976 αὐτὸ
906 2913 967 2992 γὰρ
983 2910 1060 2975 τοῦ-

72 3039 159 3098 νομα
189 3017 335 3106 περιέχει
365 3021 425 3098 τὴν
453 3017 665 3104 α’σιβεστάτην
695 3015 850 3098 ἔμφασιν,
879 3022 934 3080 saal
957 3021 1061 3092 πάσας

60 3126 259 3212 περιιίῖνηφε
293 3131 351 3203 τὰς
384 3127 419 3192 ἕν
451 3125 639 3210 ἀνθρώποις
669 3122 798 3200 ἀδικίας
828 3130 883 3189 sat
913 3146 1057 3210 παρανο·

54 3231 139 3309 μίαν
167 3231 241 3319 (2).
277 3237 349 3300 Hoc
371 3245 480 3300 autem
499 3233 686 3300 siseverius
706 3244 739 3297 ct
760 3233 909 3298 acerbius
927 3231 1055 3300 iudica·

48 3347 136 3402 tum
160 3341 228 3418 sit,
261 3353 292 3406 at
312 3342 448 3412 libenter
469 3340 673 3430 agnoscimus
700 3339 827 3404 scindis
847 3338 996 3426 spiritum
1015 3339 1056 3402 li·

48 3443 271 3510 »bertatis'’
293 3447 339 3535 (3)
369 3449 404 3513 in
421 3446 557 3532 Polybio
579 3446 792 3534 superstitem.
824 3445 890 3527 Qui
910 3461 1017 3528 qurum
1036 3464 1057 3507 a

44 3555 253 3635 tyrannide
274 3558 413 3622 maxime
434 3555 639 3631 abhorreret,
667 3555 755 3641 leges
769 3563 887 3617 contra
908 3559 941 3612 et
957 3547 1055 3612 disci·

38 3657 195 3741 plinam
227 3665 349 3751 quouis
374 3663 479 3750 pretio
508 3661 714 3738 aestimabat,
748 3671 780 3724 et
801 3658 958 3724 einernodi
978 3658 1055 3744 qui·

32 3809 286 3840 -ᾏ--ι-ο

66 3906 124 3977 (1)
158 3914 197 3965 1..
220 3915 254 3982 1,
273 3931 297 3964 o.
316 3913 362 3965 83.

63 3995 123 4068 (2)
159 4007 199 4060 n.
220 4007 266 4073 11,
284 4023 308 4058 ι.
327 4005 371 4057 so.

62 4089 121 4162 (3)
159 4095 869 4173 veunwpseoonoorenouarenturtnousn
882 4091 1053 4164 oportet.

940 4187 971 4246 5.
