2867 5017
787 377 830 448 ld

245 558 250 569 x
316 587 452 655 tamuda
473 581 618 647 omnlmn
646 578 883 642 crudelissimus
908 577 992 641 visus
1021 576 1150 654 annet,
1185 578 1305 651 endem

316 697 529 768 confirmata,
550 687 828 760 clementissimus
857 686 919 753 luit
959 697 990 754 et
1022 689 1088 776 egit
1120 691 1303 761 mitieeime.

319 800 522 884 Qucdidem
544 797 634 862 valet.
650 795 692 860 de
712 794 885 861 Cleomene
904 793 1085 878 Spartano,
1110 798 1154 863 de
1168 796 1302 891 Philip

317 931 362 997 pc
383 915 479 995 rege,
500 907 542 972 de
554 909 629 993 ips’n
639 927 739 993 porro
750 900 1002 972 Atheniensibus
1019 927 1061 974 ae
1076 910 1302 981 baeedaemce

316 1021 395 1094 niis,
421 1036 565 1102 quorum
582 1016 730 1100 exempla
749 1024 926 1099 postquam
947 1018 1100 1102 apposuit
1119 1017 1299 1106 Polybius,

316 1144 474 1208 aramque
482 1123 583 1209 igitur
600 1123 790 1189 sententiam
809 1123 956 1188 universe
971 1124 1223 1207 demonstrarit,
1250 1133 1301 1196 ric

315 1236 350 1298 in
374 1233 535 1318 praesenti
562 1252 660 1300 causa
692 1231 882 1306 concludit,
918 1232 1076 1296 iudicium
1107 1233 1151 1296 de
1168 1235 1301 1300 Hanni}

316 1342 391 1404 bale
412 1358 509 1427 grave
526 1359 592 1402 eree
608 1339 648 1402 ac
664 1334 812 1402 difficile.
837 1339 920 1401 Nam
938 1341 1156 1432 quum-variis
1173 1353 1205 1405 et
1221 1358 1300 1407 sace

316 1469 359 1535 pe
381 1445 557 1530 inopinatis
577 1445 728 1508 fortunae
747 1445 873 1509 vicibus
888 1467 964 1509 uara
981 1447 1091 1511 fuerat
1111 1448 1296 1530 Hannibal,

317 1556 496 1632 amicorum
510 1553 607 1616 ctiam
618 1552 903 1618 diversissimorum
918 1555 1177 1633 concretudine„
1187 1559 1298 1620 multa·

315 1671 430 1729 centra
454 1657 547 1738 suam
567 1659 635 1742 ipae
652 1657 796 1736 indolem
817 1679 943 1744 suaque
957 1661 1102 1726 instituta
1119 1682 1215 1749 agere
1233 1682 1298 1728 co-

315 1777 408 1831 actus
439 1775 496 1828 est.
547 1764 618 1840 Sic,
654 1765 788 1849 quoda
812 1765 970 1832 Romania
994 1769 1217 1855 imputabatur
1235 1769 1293 1848 ei',

315 1871 516 1940 crudelitatis
533 1874 674 1949 crimen,
699 1871 809 1958 potius
823 1872 869 1952 ad
887 1874 1075 1952 familiares,
1100 1875 1177 1940 curn
1197 1875 1292 1956 alios,

316 1993 388 2047 uun
408 1983 596 2068 praesertim
617 1981 659 2044 ad
674 1980 890 2046 Hannibalem
907 1983 1020 2059 illum,
1046 1984 1103 2067 qui
1123 1983 1295 2051 ldoncma·

315 2091 398 2155 ebus
422 2090 610 2167 dicebatur,
645 2092 809 2176 pertinere
828 2089 984 2156 credibile
1003 2102 1060 2155 eet.
1107 2089 1205 2171 llam,
1230 2097 1293 2160 n‘nl

315 2199 498 2284 temporum
519 2195 705 2268 conditione
732 2206 790 2258 aut
812 2197 991 2260 amicorum
1019 2197 1128 2283 prarie
1152 2203 1295 2266 consiliis¹

318 2307 495 2382 adductus,
520 2301 662 2367 crudelis
686 2301 848 2368 llarmibal
869 2323 936 2365 non
953 2300 1227 2373 buese'ridetur...
1260 2306 1279 2314 ”

337 2410 420 2482 'sen
441 2412 505 2484 alia
524 2430 660 2496 quoque
677 2411 713 2472 in·
730 2411 991 2476 eum-accusatio
1011 2410 1198 2477 ferebatur..
1213 2416 1296 2480 liius

315 2523 402 2586 enim
421 2516 634 2601 φιλαργυρίαν
662 2518 813 2602 plerique
846 2518 1036 2604 culpabant.
1081 2518 1198 2604 Neque
1216 2521 1293 2592 idox

211 2702 213 2708 Α
315 2625 494 2692 nea‘cauaa
507 2634 584 2688 'erat
600 2623 754 2708 Polybio,
779 2646 840 2688 eur
859 2625 902 2690 de
924 2625 1021 2688 lunius
1044 2625 1291 2695 ariminieveria

316 2744 384 2805 tate
397 2731 582 2808 dubitaret,
618 2753 723 2817 quum
751 2733 941 2819 praesertim
965 2733 1027 2820 ipri
1051 2734 1098 2797 illi
1121 2731 1293 2821 Carthagb

317 2839 571 2927 nnmes,‘apud
585 2859 672 2925 ¹quos
692 2861 817 2902 summa
839 2841 942 2925 gratia
962 2840 1132 2903 Hannibal·
1144 2839 1290 2917 floreret,

317 2949 511 3034 φιλάργνρον
538 2957 647 3011 lamen
670 2945 774 3008 'fuisse
801 2966 877 3008 vnrm
897 2949 1079 3030 negarent.
1134 2946 1294 3024 Concedit

314 3061 414 3145 igitar
433 3055 647 3122 llanrribalem
662 3054 727 3114 ista
750 3053 998 3136 reprehensione
1023 3053 1141 3125 teneri,
1167 3055 1224 3115 sed
1242 3056 1294 3116 ai.

316 3165 424 3231 bornat
454 3161 572 3236 iterum
592 3155 694 3229 illud,
721 3165 750 3218 'a
775 3165 844 3240 quo
868 3156 1058 3239 inceperat,
1090 3159 1195 3223 multa
1216 3180 1293 3223 eum

317 3271 406 3335 tua'e‘
430 3265 572 3330 ¹naturae
593 3264 818 3348 ,repugnantia
854 3261 963 3336 lacere
976 3267 981 3277 '
994 3271 1150 3329 coaeturn'
1183 3268 1290 3332 luisse.

318 3379 547 3464 Sie,''recepta
566 3396 586 3438 a
606 3371 765 3438 Romanus
786 3370 918 3458 Capua,
949 3377 1135 3459 temporum'
1153 3362 1291 3442 necessi‘ss

318 3497 384 3552 tate
400 3488 504 3550 suerat
520 3485 693 3570 impulsus,
719 3491 756 3543 ut
778 3482 901 3546 sacvius
920 3491 951 3543 et
969 3483 1114 3567 iniquius
1133 3471 1293 3549 nonnulla

318 3605 462 3686 gereret,
487 3612 689 3677 quamquam
712 3589 820 3650 animo
842 3608 861 3649 a
884 3587 1002 3650 talibus
1020 3587 1205 3656 abhorrens.
1229 3590 1291 3658 Pa·

319 3712 364 3764 tet
393 3700 504 3783 itaque
529 3719 631 3783 quam
657 3695 792 3758 difficile
812 3695 909 3757 sitae
931 3693 1111 3773 lubricum,
1138 3698 1292 3785 de'inge·

319 3811 373 3874 nic
397 3829 436 3870 ac
453 3803 596 3868 moribus
613 3800 803 3863 Hannibalis
824 3809 977 3863 accurate
999 3812 1030 3865 et
1048 3824 1122 3868 vere
1140 3815 1289 3870 statuere.

321 3919 531 4002 Quapropter
558 3909 732 3994 Polybius,
766 3930 807 3976 ne
840 3911 1043 3994 arrogantiae
1072 3922 1126 3974 aut
1156 3912 1292 3976 levitatis

321 4026 439 4086 lamam
469 4018 694 4091 contraheret,
735 4016 776 4080 ab
806 4017 869 4078 hae
896 4010 1084 4105 quaestione
1114 4021 1291 4089 dirimenda
