2867 5017
774 330 1035 395 ltt‘'

319 522 412 610 quod
433 522 555 586 hrtitius
576 531 642 595 est,
671 522 705 584 in
731 522 861 607 singulis
881 519 1051 607 particulis
1069 517 1213 610 ‘operose
1237 528 1311 593 im·

317 630 460 693 hsoreet.
1197 611 1199 615 ’
1285 638 1289 647 ’

361 737 504 823 Exposui
538 756 669 813 causes,
688 755 690 759 ·
706 756 766 799 cur
793 734 1008 822 improbanda
1038 736 1119 801 mihi
1150 738 1215 803 tis'u
1244 740 1292 803 sit
1358 734 1365 746 ’

318 843 503 907 huiusmodi
529 844 612 906 ratio
634 842 848 927 pragmatica.
893 842 1008 926 Neque
1028 843 1205 907 tenende
1225 844 1294 909 istis

317 950 436 1027 rebus,
472 950 515 1014 sb
545 950 696 1014 historiae
716 950 892 1035 scriptione
923 951 1053 1027 alienis,
1090 970 1305 1037 quemquam.
1390 941 1392 945 ¹

320 1050 451 1121 uberius
470 1058 636 1143 disputare
661 1068 756 1134 veto,
792 1065 849 1121 eut
869 1058 994 1143 singule
1021 1056 1300 1144 philosophorum-

321 1158 411 1227 more
421 1156 616 1249 expendere,
629 1162 729 1226 modo
740 1164 806 1229 hoe
815 1182 848 1226 se
858 1183 953 1250 cgere
964 1162 1169 1250 profiteatur,
1182 1176 1298 1253 n‘oque

319 1263 485 1334 historiam
506 1270 662 1347 seribere,
697 1270 846 1334 sedeam
869 1268 1104 1337 commentariis
1128 1273 1293 1359 explicare

320 1395 400 1463 prce
431 1396 464 1438 se
493 1376 586 1439 ferat.
631 1377 671 1440 ln
691 1376 763 1462 ipsu
787 1376 872 1439 enim
892 1396 1000 1440 rerum
1025 1389 1186 1464 gestarum
1215 1387 1293 1445 net-

320 1477 444 1547 ratione
466 1486 537 1547 tale*
551 1482 634 1568 quid
654 1483 731 1545 ferri
752 1502 819 1547 non
849 1504 941 1569 posse
963 1484 1119 1548 existimo.
1164 1486 1229 1551 Sed
1251 1508 1290 1552 ee

320 1594 346 1657 si
367 1595 419 1657 ita>
433 1593 639 1666 instituatur,
665 1600 701 1653 ut
717 1590 876 1677 integram
896 1602 928 1655 et
945 1591 1102 1656 illihstem
1124 1594 1290 1679 cogitandi

320 1697 487 1764 materiem
500 1700 650 1762 -hahosnt
673 1700 830 1777 lectores,
863 1703 922 1764 erit
949 1711 1115 1786 tamquam
1140 1704 1211 1763 euri
1232 1711 1289 1765 aut

321 1808 445 1893 argenti
456 1806 585 1881 tonina,
603 1826 705 1890 quem
720 1826 788 1891 quo
810 1808 905 1871 eitius
922 1794 1052 1894 quisae
1071 1807 1295 1893 diutius-pen·

319 1914 497 1990 scrutetur}
521 1934 562 1977 eo
581 1914 732 1978 ditiorem
749 1908 882 2003 pretiosi
898 1917 1021 1982 metalli
1035 1908 1167 2003 'copiam
1182 1923 1293 1981 eruet(

327 2259 331 2265 ⁴
360 2233 454 2316 Quae
476 2234 646 2321 hucusque
679 2237 721 2297 de
753 2238 955 2324 pragmatico
981 2240 1143 2304 scribendi
1172 2260 1289 2327 genere

321 2330 504 2429 disputavi,
539 2365 578 2408 ea
600 2347 745 2411 universe
766 2346 961 2421 dictasunt,
988 2368 1006 2408 e
1029 2350 1125 2410 certis
1145 2347 1293 2411 homini-

320 2438 398 2529 hus,
431 2454 529 2528 locis,
565 2453 764 2539 temporibus
784 2455 929 2516 seiuncta
959 2472 998 2513 ac
1030 2441 1188 2535 separate.
1234 2452 1288 2515 Ad

317 2550 489 2641 Polyhium
507 2567 615 2618 autern
632 2556 871 2631 si'referantur‚
895 2556 1046 2640 peratum
1061 2557 1120 2618 erit
1140 2566 1288 2620 nostrum

318 2664 360 2726 de
392 2664 458 2724 eius
489 2659 620 2723 historia
651 2650 819 2724 iudicium.
865 2660 1168 2747 Reprehendendus
1192 2664 1291 2726 enim

320 2771 379 2835 en't
400 2768 445 2833 ob
466 2789 537 2832 eam
567 2769 690 2853 ipsam,
725 2790 827 2853 quam
857 2780 985 2833 secutus
998 2762 1076 2847 est,
1111 2769 1285 2846 rationem,

319 2900 426 2966 eoque
451 2880 579 2965 gratim
603 2867 906 2964 reprehendendus,
932 2901 1000 2965 quo
1021 2878 1229 2943 liberius'sihi
1250 2879 1285 2941 in

319 3006 358 3047 ea
386 3006 422 3047 re
453 2984 631 3047 indulserit.
689 2984 754 3046 Sed
784 2974 955 3071 aequitetis
983 3005 1081 3049 censa
1113 2975 1291 3051 videndum

318 3102 386 3167 est,
421 3113 464 3153 an
481 3092 607 3153 nullam
624 3084 745 3152 hebeat
765 3095 1013 3153 exeusationem.
1056 3091 1168 3153 'Habet‘
1183 3073 1290 3153 autern

316 3189 547 3282 permagnam
572 3214 711 3275 eamque
733 3215 771 3254 ex
793 3198 914 3282 triplici
936 3189 1035 3260 causa
1055 3200 1284 3285 repetendum,

317 3294 356 3367 err
371 3292 568 3390 *ipsius'rita
590 3307 621 3359 et
639 3298 770 3376 enimc,
806 3322 845 3365 ex
857 3305 1033 3389 temporis‚³
1051 3306 1119 3390 quo
1140 3298 1292 3381 vivebut3'

318 3411 524 3486 conditione3
549 3418 582 3472 et
603 3429 642 3472 ex
663 3428 722 3486 eo,
748 3412 807 3494 qui
825 3402 894 3475 turn
908 3406 1111 3489 inmineret,
1137 3404 1292 3475 historiae

317 3512 571 3586 conscribendae
594 3536 694 3579 more.

327 3662 330 3670 ·
358 3627 484 3709 Quodsi
503 3628 611 3711 ipsum
631 3624 803 3711 Polybium
823 3636 1021 3711 spectamus,
1054 3624 1210 3688 hebemus
1236 3625 1287 3688 vi*-

317 3754 411 3810 rum‚
440 3752 461 3795 e
481 3730 612 3794 scholae
630 3732 745 3796 umbre
763 3742 795 3795 et
815 3731 882 3795 otio
904 3732 1063 3807 alienum,
1097 3730 1152 3793 sed
1171 3730 1205 3795 in
1223 3730 1287 3795 ho-

318 3842 441 3904 minum
460 3836 584 3914 oculis,
617 3839 652 3916 in
669 3840 737 3901 sole
756 3849 789 3901 et
810 3839 960 3926 pulvere,
985 3844 1022 3901 ut
1044 3838 1153 3915 aiunt,
1178 3830 1288 3902 versa-

318 3959 396 4013 tum.
454 3947 556 4021 Nem,
592 3947 713 4011 etiamsi
742 3948 913 4031 multiplici
947 3946 1135 4031 cognitione
1160 3946 1289 4033 egregie
