2867 5017
594 343 638 408 39

128 539 200 622 Quo
226 538 281 616 lit,
314 548 351 602 ut
377 538 463 602 mala
486 538 698 612 conscicntia,
732 538 831 602 veluti
859 539 1019 606 lurionem
1038 547 1094 609 sti·

119 649 222 724 mulo,
245 646 357 734 agitati
376 644 507 708 tandein
522 643 557 707 in
572 644 783 708 miserrimam
799 655 918 709 sortem
933 646 1092 715 incidant

122 755 247 818 Placuit
275 752 336 818 sihi
364 751 584 846 Polybius‘iu
612 752 675 818 hac
704 752 923 838 descriptione
946 759 1094 822 ernstius

122 862 318 926 elaboranda
343 861 414 948 (Ι),
439 871 472 925 et
492 880 562 947 quo
585 861 754 926 tristiorem
774 846 897 926 iudicet
918 864 1093 948 proditoris

118 969 356 1045 conditionem,
388 989 428 1034 eo
460 972 563 1058 magis
583 970 737 1047 miretur,
769 980 817 1034 tot
839 980 949 1036 tamen
968 972 1092 1059 ubiqrrc
1210 1020 1215 1030 .

120 1079 252 1168 reperiri
279 1078 403 1143 animes
427 1079 575 1155 venales,
612 1090 649 1144 ut
675 1081 797 1144 nemim
825 1079 894 1142 lere
916 1101 1092 1165 praronnn

119 1186 496 1253 consiliorum-minister
522 1188 691 1272 quaerenti
718 1186 868 1252 deluerit
906 1185 1001 1252 Unde
1026 1209 1095 1256 non

115 1298 233 1362 iniuria
266 1294 400 1370 dixeris,
432 1293 578 1360 homines
602 1295 705 1360 brutis
726 1294 918 1360 animalibus
937 1308 1004 1362 esse
1023 1307 1091 1362 sto·

116 1405 261 1480 lidiorcs,
287 1402 414 1490 quippe
437 1403 496 1487 qui
517 1423 584 1466 non
606 1412 734 1467 tantum
753 1412 892 1467 ammae
910 1405 991 1469 sitio
1009 1427 1090 1491 pec-

112 1523 205 1590 cent,
235 1511 293 1574 sed
310 1511 445 1574 rationis
466 1510 563 1574 etiam
585 1511 744 1575 edenatee
765 1530 867 1574 caeco
889 1512 1011 1576 lurore.

153 1619 237 1700 Quis
257 1627 323 1694 cst,
353 1617 435 1702 quin
457 1616 598 1682 docmdi
620 1629 652 1682 et
675 1618 871 1684 emendandi
890 1619 1037 1684 studium
1056 1624 1091 1687 in

113 1728 167 1790 tali
188 1725 412 1813 disputatione
433 1725 613 1812 agnoscat?
643 1725 711 1790 Neo
731 1727 839 1790 minus
859 1725 1006 1792 cernitur
1025 1729 1091 1795 hoc

114 1834 146 1897 in
165 1831 356 1897 excursibus
379 1833 421 1896 ds
441 1853 476 1895 re
493 1833 642 1910 militari,
667 1834 710 1896 dc
732 1832 854 1918 quibus
874 1853 994 1922 operae
1013 1859 1089 1922 pre·

21 1951 22 1962 ³
112 1943 192 2004 tium
214 1950 264 2004 cst
285 1939 406 2003 videre.
436 1939 558 2002 Bellica
580 1940 666 2002 enim
686 1940 837 2015 scicntia,
868 1941 985 2028 siqua
1005 1946 1090 2022 slis,

111 2047 321 2135 singulariter
348 2065 478 2132 prorsus
514 2046 689 2110 instructus
719 2056 790 2109 erat
818 2047 995 2133 Polybius,
1028 2073 1092 2116 nec

21 2169 22 2202 ³
112 2157 183 2221 lieri
212 2163 341 2240 poteret
370 2153 451 2238 quin
478 2152 574 2216 huius
600 2153 696 2216 ctiam
722 2153 913 2240 disciptinae
940 2157 1090 2224 studiosis

113 2285 170 2349 per
196 2259 352 2324 historiae
373 2258 583 2345 scriptionem
603 2255 756 2344 prodesse
777 2261 943 2328 niteretur.
1064 2249 1067 2255 ¹

147 2366 458 2433 'Luculentimimum
472 2366 658 2452 exemplum
665 2376 768 2430 exstat
776 2368 813 2432 in
822 2369 909 2434 libro
918 2372 976 2434 illo
985 2384 1090 2450 sexto,

21 2539 22 2546 ,
111 2501 211 2568 quem
237 2497 337 2563 supra
363 2473 576 2541 laudavimus.
624 2475 699 2556 Quo
721 2477 796 2540 loco
821 2478 868 2541 ita
895 2482 1028 2567 copiose
1046 2484 1090 2546 si.

109 2589 175 2651 mul
197 2596 231 2650 et
253 2593 407 2650 accurate
426 2583 467 2646 de
486 2583 634 2648 universe
659 2582 885 2650 Romanorum
905 2609 941 2650 re
958 2590 1088 2655 militari

111 2693 279 2780 exposuit,
313 2691 359 2755 ita
385 2689 513 2772 singule
534 2708 624 2753 more
650 2708 709 2752 suo
730 2689 942 2772 diiudicavit,
979 2709 1015 2761 ut
1035 2701 1089 2762 vix

109 2801 298 2886 quidquam
319 2796 566 2883 praetermisisse
587 2795 736 2860 videatur
756 2797 821 2882 (2).
865 2801 1015 2888 Longum
1042 2817 1088 2868 est

21 2953 22 2956 ,
111 2911 159 2974 rel
184 2907 369 2974 summatim
391 2923 577 2980 recensere,
613 2920 699 2988 quae
717 2903 759 2968 dc
779 2905 919 2970 militum
935 2908 1086 2988 delectu,

21 3017 22 3022 ’
108 3019 150 3082 dc
161 3019 286 3082 ducmn
303 3013 614 3100 praefectorumque
625 3013 805 3088 creatione,
829 3015 871 3078 de
886 3030 1086 3084 sacramento

110 3124 259 3200 militari,
295 3122 336 3184 de
361 3119 510 3206 peditum
540 3119 756 3204 equitumque
777 3123 888 3198 amris,
922 3126 964 3189 de
984 3130 1087 3213 copiis

21 3235 22 3292 i
107 3229 338 3318 disponendis,
361 3229 403 3292 de
421 3225 570 3290 omnibus
588 3226 750 3311 denique,
776 3236 1085 3319 quaecumquehuc

106 3337 314 3423 pertincant,
348 3335 502 3420 explicuit
520 3355 559 3396 ac
579 3333 650 3398 lusa
666 3335 847 3400 illustrarit.
894 3339 1007 3426 Neque
1028 3343 1084 3406 hic

105 3444 265 3520 substitit,
290 3440 347 3505 sed
366 3439 487 3526 ubique
508 3439 647 3504 ostendit
666 3440 857 3526 diligenter,
879 3457 1085 3535 quantopere

105 3602 305 3620 W

134 3691 177 3761 (1)
207 3692 300 3742 Iocum
325 3689 414 3754 illum,
443 3695 573 3758 tamquam
593 3688 720 3758 specimen
740 3691 894 3760 eloquentiae
920 3693 1087 3764 Polybimmc,

109 3786 190 3837 atlrrlit
209 3783 385 3838 Goudoeverus
408 3785 437 3836 V.
456 3783 492 3834 Cl.
513 3783 530 3834 Ι.
549 3781 566 3833 l.
585 3800 609 3852 p.
629 3783 683 3833 118
703 3801 740 3852 sq.

135 3879 177 3948 (2)
207 3876 353 3931 Inscribitur
380 3878 453 3946 hicce
475 3895 590 3930 cxcrrrsue
615 3883 749 3953 πολεμικὰ
766 3884 909 3958 Ῥωμαίων
926 3891 1074 3954 ἐπιτηδεύ-

112 3999 199 4050 ματα,
218 3982 243 4026 et
262 3973 352 4041 legitur
369 3972 385 4026 l.
404 3973 455 4040 vl,
476 3990 497 4023 c.
518 3971 631 4025 19-43.
