2867 5017
590 361 652 423 133

173 554 264 618 llaec
290 555 453 616 leresunt
475 563 682 640 argumenta,
715 556 835 640 quibus
858 558 991 621 alteram
1013 568 1106 623 tuen·

135 672 187 725 tur
207 660 342 724 rationis
366 662 588 747 pragmaticae
609 670 745 745 partem.
780 662 851 727 Alia
875 666 960 728 enim
982 666 1109 730 lerioris

134 768 289 833 momenti
319 770 455 846 omitto,
489 790 632 854 quorum
664 770 731 834 hoc
758 771 914 859 imprimis
943 782 1039 837 tenue
1061 784 1108 837 est

135 896 177 939 ac
204 876 356 961 ponderis
380 898 512 963 expers,
542 878 636 963 quod
664 877 841 941 absurdum
868 898 933 942 esse
958 881 1107 945 nonnulli

134 984 286 1047 dixerunt
312 985 396 1048 illud
413 985 599 1071 improbare
619 984 789 1049 iudicandi
810 986 1009 1063 institutum,
1039 1008 1107 1073 quo

131 1100 164 1153 et
185 1090 295 1175 Livius
310 1100 344 1154 et
365 1091 552 1168 Sallustius,
576 1092 822 1177 praeclarissimi
845 1112 923 1157 sane
942 1094 1106 1171 historici,

21 1261 22 1272 ,
133 1198 182 1261 usi
205 1198 280 1261 sint.
325 1198 456 1279 Quibus
481 1198 668 1263 adversariis
750 1218 934 1284 opposuero
960 1201 1106 1265 Herodo-

133 1315 225 1381 tum,
268 1302 515 1389 Thucydidem,
546 1305 815 1392 Xenophontem,
847 1308 942 1384 satis,
983 1308 1106 1384 credo,

129 1437 321 1502 responsum
345 1418 416 1481 erit.

20 1541 21 1565 ¹
175 1524 296 1589 Verum
328 1525 477 1610 graviora
512 1537 586 1590 srmt
626 1527 703 1603 illa,
744 1547 831 1613 quae
858 1524 959 1591 modo
991 1526 1106 1601 retuli,

131 1650 178 1693 ac
203 1630 358 1694 maiorem
382 1632 600 1720 redarguendi
630 1656 743 1698 curam
774 1634 971 1721 copiamque
995 1633 1108 1717 requi-

22 1807 23 1817 ,
128 1746 218 1800 runt.
253 1737 368 1821 Neque
396 1738 481 1801 enim
501 1739 708 1803 diffitendum
726 1750 788 1816 est,
820 1740 930 1825 magni
951 1739 1108 1803 momenti

129 1865 199 1908 esse
219 1845 303 1909 illud
323 1854 570 1929 argmnentum,
594 1844 688 1927 quod
708 1844 825 1907 dicunt
846 1842 1035 1907 historicum
1054 1842 1107 1907 di·

22 2002 23 2021 ,
126 1961 218 2015 serta
245 1948 360 2011 iudicii
385 1945 605 2023 declaratione
626 1966 749 2011 errores
769 1968 788 2009 a
814 1948 995 2033 legentibus
1015 1970 1106 2013 arce·

22 2098 23 2135 3
126 2077 177 2120 re.
209 2056 322 2139 lpeum
342 2054 432 2116 enim·
446 2054 682 2140 diligentiorem
699 2056 734 2119 in
751 2054 847 2118 rebus
868 2054 1109 2121 considerandis

22 2196 23 2207 κ
129 2181 270 2248 operam
301 2158 462 2245 posuisse,
495 2180 602 2245 neque
631 2162 730 2247 igitur
757 2161 873 2225 iniuria
901 2164 1006 2248 primo
1031 2165 1106 2227 loeo

127 2267 319 2331 sententiam
347 2265 576 2350 pronuntiare,
616 2266 659 2329 ad
691 2266 785 2329 cuius
810 2286 958 2329 normam
988 2267 1107 2331 deinde

129 2398 223 2441 suam
244 2376 386 2461 quisque
406 2375 509 2440 lector
534 2376 653 2460 exigat.
698 2372 763 2436 Sed
782 2374 1034 2457 periclitandum
1055 2384 1104 2438 ta·

129 2504 207 2547 men
227 2494 292 2560 est,
320 2504 363 2547 an
386 2492 499 2546 contra
517 2482 605 2547 bane
624 2481 905 2545 ratiocinationem
926 2480 1106 2566 probabili·

129 2604 183 2655 ter
202 2594 303 2679 possit
323 2593 491 2681 disputari.
588 2645 591 2651 ,

174 2698 214 2761 Et
242 2698 348 2762 statim
377 2700 590 2785 repetendum
604 2708 671 2774 est,
699 2698 839 2763 arduum
864 2697 1020 2783 imprimis
1040 2716 1105 2757 esse

130 2827 174 2869 ae
205 2805 342 2888 difficile
373 2807 414 2871 de
445 2806 541 2871 rebus
570 2808 664 2893 gestis
691 2827 765 2871 rere
794 2806 949 2871 iudicare.
996 2805 1105 2885 Quum

129 2916 217 2979 enim
249 2915 333 2991 hoc,
370 2937 413 2978 an
450 2916 533 2978 iusta
576 2914 697 2977 seratur
736 2916 891 2977 sententia
925 2933 1048 2987 necne,
1084 2933 1103 2973 a

134 3024 353 3087 minutissimis
380 3044 477 3109 saepe
506 3024 618 3087 causis·
637 3023 794 3109 pendeat,
838 3032 873 3083 ut
903 3022 961 3105 qui
1004 3038 1102 3082 unam

127 3130 274 3214 aliquam
294 3140 422 3217 partem
447 3130 588 3215 ignoret,
622 3128 664 3191 de
685 3136 755 3188 toto
775 3136 862 3189 reete
881 3124 1025 3188 iudicare
1045 3143 1103 3185 ne·

127 3245 249 3320 queat,
273 3236 421 3319 sequitur
438 3244 626 3297 accuratam
647 3232 903 3297 observationem
923 3230 1103 3315 inquisitio-

126 3361 272 3425 nemque
299 3340 467 3425 postulari.
504 3340 543 3402 ln
563 3361 632 3425 quo
653 3340 784 3425 negotio
807 3340 961 3423 quoniam
982 3347 1013 3399 et
1035 3338 1103 3419 ipse

130 3446 271 3532 scriptor
295 3438 383 3510 inani
409 3446 553 3531 quadam
574 3448 683 3533 speeie
705 3455 762 3509 aut
783 3447 1007 3533 praeiudicata
1029 3444 1102 3529 opi-

129 3554 229 3617 nione
252 3554 323 3617 falli
344 3564 469 3641 potest,
502 3556 584 3618 illud
608 3556 692 3619 bene
716 3556 944 3642 praecipiunt,
971 3574 1013 3617 ne
1036 3553 1102 3615 eius

130 3660 246 3738 rerba,
279 3672 448 3747 tamquam
475 3683 589 3727 rocem
610 3661 766 3737 divinanr,
798 3662 1016 3745 accipiamus,
1045 3656 1102 3719 sed

130 3768 254 3854 singula
275 3770 335 3855 ipsi
345 3770 524 3857 prudenter
546 3769 771 3832 examinemus.
798 3767 895 3849 Quod
916 3768 985 3851 ipse
998 3766 1099 3829 alicu-

131 3873 163 3935 bi
192 3874 345 3961 Polybius
375 3876 523 3949 monuit,
560 3873 616 3936 ubi
645 3875 709 3936 ait:
757 3871 838 3937 ἔνιοι
872 3874 930 3953 γὰρ
961 3869 1017 3931 οὐκ
1049 3866 1100 3925 ἐπὶ

130 3984 168 4041 τὰ
201 3979 352 4066 λεγόμενα
384 3987 665 4061 συνεπιστήσαυτες
678 4030 688 4061 ,
728 3977 798 4043 ottt‘
832 3978 881 4043 ἐπ’
915 3977 1011 4042 αὐτὸν
1044 3972 1103 4036 τὸν
