2867 5017
567 391 606 453 61

109 601 178 646 rum
202 578 326 643 iridioio
349 581 485 657 relictis,
519 583 554 645 id
575 583 667 668 quod
688 594 833 652 nostrum
861 600 906 652 est
929 591 1075 656 animad-

110 697 282 770 ¹vertamus,
313 687 446 753 effusam
476 689 601 776 Polybii
623 694 657 756 in
686 693 869 768 disserendo
898 697 1073 762 licentiam.

112 798 198 876 Quae
219 797 245 858 si
272 796 314 858 ad
337 817 375 858 ea
407 807 533 860 lantum
565 811 768 876 excurreret,
804 803 838 864 in
862 800 982 887 quibus
1007 805 1076 890 ipso

111 903 247 966 auctoris
269 903 411 984 narratio
430 925 450 967 a
472 905 619 990 priorum
636 907 760 969 traditis
780 909 977 987 discederet,
1003 911 1079 974 'non

105 1020 190 1086 erat,
215 1010 310 1095 quod
329 1010 403 1095 quis¹
420 1020 589 1098 tantopere
606 1014 787 1077 miraretur.
833 1015 898 1078 Sed
916 1017 1077 1102 Polybius,

111 1119 152 1182 alr
172 1119 234 1182 alio
252 1118 296 1182 ad
316 1119 406 1182 aliud
425 1140 628 1206 progressus,
653 1123 687 1185 in
710 1143 748 1184 ea
769 1143 856 1207 quae
875 1143 894 1185 a
912 1126 1078 1209 proposito

112 1247 166 1290 suo
184 1247 289 1312 quarn
307 1229 444 1291 niaxime
467 1212 571 1291 aliena
592 1237 682 1305 sunt,
713 1229 804 1292 haud
826 1249 901 1292 raro
914 1232 1078 1316 exspatia-

111 1321 170 1400 turss
205 1333 308 1399 Cuius
325 1338 370 1399 rei
393 1358 494 1400 unum
513 1339 696 1424 exemplum
714 1340 771 1414 iis,
796 1357 883 1424 quae
901 1359 999 1424 supra
1014 1339 1078 1403 iam

109 1445 196 1507 dicta
217 1453 314 1515 sunt,
339 1440 479 1504 adiicere
501 1441 589 1506 libet.

148 1554 255 1616 Locus
282 1559 349 1625 est,
385 1571 485 1635 quem
510 1552 605 1627 volo,
637 1553 711 1615 setis
738 1549 921 1627 iucundus,
956 1550 1013 1614 ubi
1038 1551 1080 1614 de

106 1661 248 1724 Homero
267 1661 411 1744 disputat
432 1658 492 1746 (al)
538 1661 634 1723 Hunc
656 1661 741 1723 enirn
763 1668 935 1746 poetarum
954 1669 1080 1744 patrem

105 1791 173 1835 non
199 1771 309 1834 omnia
329 1791 416 1833 mere
443 1771 569 1834 finxisse
597 1771 786 1846 iudicabat,
816 1768 872 1831 sed
893 1768 959 1842 ree,
993 1785 1081 1851 quae

23 1929 24 1932 ,
104 1887 199 1940 certo
220 1879 287 1942 veri
304 1879 517 1943 laudamento
536 1883 727 1957 niterentur,
752 1881 883 1965 poetico
898 1877 1013 1940 vestitu
1029 1897 1082 1938 or·

109 2005 220 2061 nasse3
244 1986 374 2047 minime
397 1986 518 2049 facian
537 2007 612 2050 cum
627 1986 851 2062 Eratosthene,
877 1983 1018 2069 quinon
1032 1983 1082 2045 in·

106 2091 211 2154 -licele
234 2091 377 2156 dixerat:
407 2093 473 2157 τότ’
500 2097 544 2158 ἂν
570 2094 669 2177 εὑρεῖν
699 2117 796 2172 τινα,
831 2094 891 2156 ποῦ
917 2087 1082 2164 Ὀδυσσεύς

105 2195 326 2278 πεπλάνηται,
357 2201 437 2264 ὅταν
461 2201 533 2286 εὕρῃ
558 2204 614 2266 τόν
644 2200 761 2286 σκυτέα
790 2204 846 2265 τόν
872 2197 1081 2280 eudaemona

110 2309 164 2371 τόν
186 2307 254 2370 τῶν
273 2305 398 2386 ἀνέμων
419 2306 527 2371 druos.
573 2309 840 2388 Quamiocosam
858 2305 1085 2392 potiusquam

108 2435 221 2478 reram
242 2415 431 2477 sententiam
449 2424 622 2499 postquam
632 2412 829 2499 improbavit
843 2411 1009 2495 Polybius,
1034 2414 1085 2476 al-

111 2522 183 2584 latis
206 2520 321 2605 paucis
341 2519 419 2582 fidei
441 2519 630 2582 Homericae
653 2518 875 2593 documentis,
910 2517 956 2580 ita
977 2519 1082 2604 pergit

110 2636 148 2688 ut
167 2625 282 2712 poesin
300 2624 402 2687 tribus
422 2624 623 2709 expertibus
645 2634 792 2688 constare
813 2622 922 2701 dicat,
949 2623 981 2699 ἐξ
1001 2625 1085 2688 ἱστό-

114 2734 197 2815 ρῖας,
225 2737 279 2795 καὶ
302 2729 495 2810 διαθέσεως,
526 2735 581 2793 καὶ
602 2735 707 2811 μόθου
721 2779 730 2809 ,
755 2731 870 2795 harum
886 2743 993 2794 autem
1011 2733 1084 2794 uni-

115 2840 237 2924 cuique
258 2837 443 2901 satisfecisse
462 2837 645 2900 Homerum.
693 2835 757 2897 Sed
786 2837 954 2903 audiamus
981 2841 1087 2924 ipsum
1144 2844 1148 2850 '

114 2946 161 3008 his
185 2943 291 3010 verbis
324 2956 487 3011 utentem:
523 2949 577 3031 τῆς
604 2945 663 3024 μὲν
696 2934 752 3006 σόα
784 2945 920 3027 ἱστορίας
951 2944 1086 3024 ἀλήθειά

113 3054 178 3128 Ιἐστι
200 3049 306 3124 τέλος·
339 3053 381 3126 ὥς
406 3053 440 3114 ἐν
460 3053 540 3114 νεῶν
561 3047 728 3130 καταλόγῳ
748 3053 788 3112 τὰ
813 3054 953 3126 ἑκάστοις
981 3057 1088 3125 τόποις

116 3160 334 3244 συμβεβηκότα
353 3155 505 3234 λέγοντος,
524 3137 745 3236 foeneratae,
770 3161 829 3235 τὴν
857 3160 915 3237 μὲν
940 3165 1087 3240 πετρήεσ-

114 3289 196 3344 σαν,
221 3267 278 3342 τὴν
292 3262 325 3326 δὲ
338 3267 532 3350 ἐσχατόωσαν
550 3263 643 3329 πόλιν
652 3314 661 3343 ,
674 3261 778 3345 ἄλλην
795 3262 829 3327 δὲ
848 3267 1085 3349 πολυτρήρωνα,

110 3445 327 3462 *1-

116 3555 192 3606 silete
211 3570 286 3622 grase
305 3547 510 3624 impedimentum
534 3551 676 3622 praebente.
714 3556 871 3624 Quapropter
893 3555 1007 3626 antiquos
1031 3555 1085 3608 illos

121 3665 169 3699 non
189 3663 241 3698 esse
255 3645 488 3717 reprehendendos,
507 3646 633 3698 imovero
655 3646 808 3715 laudandos,
827 3647 896 3720 quod
915 3650 941 3700 in
958 3651 1085 3720 istapree-

117 3743 239 3795 sidiorum
259 3743 342 3811 inopia
359 3742 484 3812 praeclara
499 3750 584 3793 tamen
603 3740 750 3796 effecissent.
782 3744 832 3795 Sed
852 3744 1018 3808 monetale,
1037 3760 1086 3812 qua

121 3839 204 3889 omnia
218 3838 294 3908 plana
313 3843 393 3886 essem
411 3843 437 3886 et
454 3834 538 3886 facilia
557 3836 672 3903 cognitu,
700 3838 787 3889 melius
805 3835 868 3908 quid
887 3838 941 3886 iure
959 3835 1084 3904 postulari.

123 3929 160 3978 Gla
176 3929 201 3980 lr.
216 3929 231 3980 l.
250 3929 267 3981 l.
285 3929 340 3991 Ill,
358 3945 380 3978 c.
401 3927 437 3978 47
453 3943 488 3994 sq.

150 4022 190 4088 (1)
219 4024 245 4073 L.
263 4021 383 4087 xxxiv,
402 4040 423 4072 c.
441 4022 457 4073 2
480 4038 534 4090 sqq.
